1674 2754
105 192 153 224 32
654 199 705 223 DE
734 198 903 222 OFFlcns

173 291 211 321 et
230 283 430 334 prudentia
451 284 676 334 consilioque
692 283 851 321 fidentis.
907 283 1062 320 Temere
1077 288 1205 320 autem
1224 282 1261 320 in
1280 283 1358 320 acie
1373 295 1436 320 ver

173 344 256 387 sari,
277 349 315 381 et
334 357 449 381 manu
476 357 562 381 cum
589 344 699 380 hoste
719 343 930 393 confligere,
951 343 1113 379 immane
1132 343 1312 392 quiddam
1332 347 1370 380 et
1388 343 1450 380 be-

172 403 319 441 luarum
348 404 465 441 simile
485 409 554 447 est,
576 403 643 440 sed
672 416 759 440 cum
787 408 940 453 tempus
968 402 1244 452 necessitasque
1274 403 1451 452 postulat,

171 463 444 500 decertandum
482 476 598 500 manu
635 467 703 507 est,
735 467 773 500 et
810 475 912 499 mors
950 462 1120 500 servituti
1157 462 1452 513 turpitudinique

171 524 444 574 anteponenda.

224 643 366 681 XXIV.
398 644 457 680 De
476 642 687 680 evertendis
713 646 842 679 autem
860 642 1149 693 diripiendisque
1169 642 1326 680 urbibus
1344 641 1453 679 valde

172 703 487 740 considerandum
507 708 575 746 est,
597 715 643 739 ne
664 702 754 752 quid
774 707 926 747 temere,
946 715 993 739 ne
1014 702 1104 752 quid
1124 702 1333 739 crudeliter.
1390 701 1453 738 Id-

172 775 245 813 que
260 768 317 800 est
331 763 398 800 viri
415 763 552 813 magni,
567 763 681 799 rebus
698 762 862 813 agitatis,
880 762 1011 812 punire
1025 767 1161 805 sontes,
1175 761 1453 798 multitudinem

129 826 149 859 2
171 835 404 865 conservare,
420 823 455 858 in
469 823 569 859 omni
583 823 735 859 fortuna
751 828 853 859 recta
869 828 983 872 atque
1004 823 1162 859 honesta
1176 822 1345 859 retinere.
1403 821 1456 857 Ut

170 882 267 918 enim
288 886 385 925 sunt,
408 881 730 931 quemadmodum
751 894 866 931 supra
886 882 971 925 dixi,
993 882 1057 932 qui
1075 881 1226 918 urbanis
1245 882 1357 918 rebus
1376 881 1454 918 bel-

170 942 259 978 licas
287 946 542 992 anteponant:
572 941 622 977 sic
651 941 815 991 reperias
844 941 994 984 multos,
1017 941 1153 990 quibus
1182 941 1390 990 periculosa
1418 945 1455 977 et

170 1001 290 1038 calida
319 1001 470 1039 consilia
488 1001 621 1051 quietis
649 1005 688 1037 et
715 1001 887 1051 cogitatis
915 1005 953 1038 et
983 1000 1237 1050 splendidiora
1256 1006 1294 1037 et
1313 999 1456 1050 majora

170 1061 378 1099 videantur.
436 1062 642 1110 Nimquam
671 1061 820 1098 omnino
849 1061 1004 1110 periculi
1032 1061 1126 1111 fuga
1145 1059 1456 1097 committendum

127 1125 149 1157 3
171 1125 238 1164 est,
261 1125 304 1157 ut
330 1121 499 1158 imbelles
529 1121 723 1170 timidique
745 1121 949 1157 videamur.
1007 1120 1083 1157 Sed
1111 1119 1334 1170 fugiendum
1363 1119 1455 1156 illud

170 1181 294 1223 etiam,
315 1193 361 1217 ne
381 1181 580 1217 offeramus
610 1193 678 1217 nos
705 1180 878 1230 periculis
907 1180 984 1216 sine
1006 1192 1140 1216 causa:
1171 1192 1246 1228 quo
1267 1192 1348 1216 esse
1367 1179 1456 1216 nihil

127 1243 150 1276 4
170 1245 297 1290 potest
312 1241 472 1277 stultius.
530 1241 773 1291 Quapropter
787 1240 823 1276 in
839 1239 1021 1276 adeundis
1037 1239 1210 1289 periculis
1224 1239 1456 1276 consuetudo

169 1300 348 1337 imitanda
375 1300 607 1337 medicorum
635 1305 703 1344 est,
725 1300 789 1350 qui
821 1299 952 1336 lexiter
983 1304 1213 1350 aegrotantes
1241 1299 1374 1336 leniter
1393 1312 1456 1337 cu-

170 1365 265 1403 rant,
286 1360 518 1411 gravioribus
538 1365 666 1396 autem
685 1359 823 1396 morbis
853 1359 1081 1409 periculosas
1103 1359 1313 1396 curationes
1334 1363 1372 1395 et
1391 1371 1454 1395 an-

127 1425 149 1457 5
171 1419 300 1470 cipites
320 1419 498 1456 adhibere
514 1424 711 1470 coguntur.
769 1419 892 1463 Quare
912 1419 950 1455 in
969 1419 1169 1469 tranquillo
1188 1423 1456 1468 tempestatem

170 1479 367 1516 adversam
395 1484 527 1529 optare
556 1478 739 1516 dementis
768 1483 836 1523 est,
857 1478 1054 1515 subvenire
1085 1482 1212 1515 autem
1239 1478 1456 1528 tempestati

170 1538 299 1588 quavis
326 1539 468 1575 ratione
497 1539 696 1588 sapientis:
727 1550 848 1588 eoque
875 1537 1006 1588 magis,
1028 1538 1058 1574 si
1086 1538 1170 1588 plus
1191 1537 1398 1587 adipiscare
1416 1550 1456 1575 re

128 1603 150 1635 6
171 1598 358 1648 explicata
390 1598 488 1642 boni,
518 1610 633 1648 quam
660 1597 885 1634 addubitata
916 1597 1015 1634 mali.
1071 1597 1300 1634 Periculosae
1330 1602 1455 1634 autem

171 1671 296 1695 rerum
324 1658 488 1695 actiones
516 1658 654 1708 partim
682 1657 725 1694 iis
753 1662 852 1701 sunt,
886 1657 950 1707 qui
975 1669 1038 1694 eas
1068 1657 1287 1707 suscipiunt,
1320 1657 1453 1707 partim

170 1718 222 1754 rei
250 1717 422 1767 publicae.
479 1718 652 1767 Itemque
681 1717 741 1754 alii
769 1717 816 1754 de
837 1717 924 1760 vita,
947 1717 1008 1753 alii
1036 1716 1083 1753 de
1111 1716 1231 1767 gloria
1250 1723 1288 1753 et
1307 1717 1455 1754 benivo-

128 1778 148 1814 7
170 1777 285 1814 lentia
303 1777 439 1813 civium
458 1776 495 1813 in
515 1777 715 1813 discrimen
733 1781 926 1813 vocantur.
982 1776 1239 1825 Promptiores
1259 1776 1373 1827 igitur
1391 1776 1453 1814 de-

170 1837 304 1874 bemus
331 1849 412 1873 esse
443 1836 492 1872 ad
525 1841 653 1873 nostra
683 1836 861 1886 pericula,
882 1848 997 1885 quam
1025 1835 1075 1872 ad
1104 1836 1328 1880 communia,
1350 1835 1455 1874 dimi-

171 1908 330 1946 careque
358 1895 525 1946 paratius
545 1895 592 1932 de
612 1896 753 1933 honore
773 1901 811 1933 et
831 1895 961 1946 gloria,
982 1908 1094 1945 quam
1125 1895 1173 1932 de
1202 1896 1333 1933 ceten's
1354 1908 1454 1933 com-

129 1961 150 1993 8
170 1956 302 1994 modis.
358 1955 506 1993 Inventi
524 1960 652 1993 autem
671 1955 781 1992 multi
800 1960 898 1999 sunt,
919 1955 985 2005 qui
1011 1967 1085 1991 non
1103 1955 1218 1992 modo
1244 1955 1454 2006 pecuniam,

171 2016 238 2053 sed
258 2016 370 2054 etiam
391 2016 507 2053 vitam
536 2015 763 2066 profundere
792 2028 861 2066 pro
893 2015 1016 2066 patria
1043 2015 1166 2065 parati
1185 2020 1320 2059 essent,
1341 2015 1455 2053 iidem

170 2076 301 2126 gloriae
329 2076 516 2126 jacturam
546 2088 593 2112 ne
623 2076 816 2112 minimam
845 2075 996 2125 quidem
1025 2075 1149 2112 facere
1177 2075 1326 2118 vellent,
1347 2088 1393 2112 ne
1413 2088 1454 2113 re

129 2141 150 2174 9
173 2136 324 2187 publica
343 2135 495 2186 quidem
511 2135 739 2185 postulante.
787 2135 842 2171 Ut
856 2134 1125 2178 Callicratidas,
1144 2135 1217 2185 qui,
1236 2148 1322 2171 cum
1338 2135 1452 2172 Lace-

171 2196 440 2233 daemoniorum
459 2195 536 2232 dux
554 2195 686 2232 fuisset
704 2194 1026 2245 Peloponnesiaco
1055 2195 1167 2238 bello,
1187 2195 1381 2244 multaque
1400 2195 1452 2232 fe-

171 2257 282 2294 cisset
309 2255 470 2307 egregie,
490 2255 602 2292 vertit
629 2255 678 2292 ad
705 2260 917 2291 extremum
945 2254 1079 2297 omnia,
1102 2267 1189 2291 cum
1209 2255 1361 2292 consilio
1379 2267 1454 2291 non

171 2316 297 2367 paruit
321 2328 462 2358 eorum,
484 2315 547 2365 qui
575 2315 733 2352 classem
762 2314 810 2351 ab
838 2314 1058 2365 Arginussis
1086 2314 1363 2358 removendam,
1383 2327 1452 2352 nec

171 2389 258 2414 cum
275 2375 572 2413 Atheniensibus
601 2373 855 2412 dimicandum
870 2374 1079 2424 putabant.
1137 2374 1281 2418 Quibus
1308 2373 1370 2411 ille
1395 2386 1450 2411 re-

172 2435 336 2488 spondit,
369 2435 686 2479 Lacedaemonios,
725 2434 845 2472 classe
880 2433 946 2471 illa
985 2433 1132 2477 amissa,
1171 2433 1282 2472 aliam
1319 2443 1452 2484 parare
