1674 2754
139 185 189 218 60
682 193 731 217 DE
759 192 926 226 osricus

209 278 275 315 tim
301 284 389 315 sunt
415 278 584 322 inanima,
607 284 650 316 ut
676 291 819 321 aurum,
840 282 1050 328 argentum,
1072 282 1115 315 ut
1134 291 1188 322 ea,
1209 291 1295 328 quae
1315 278 1475 329 gignun-

208 343 270 374 tur
299 350 320 375 e
345 342 453 381 terra,
474 343 517 374 ut
545 338 617 375 alia
646 338 793 388 generis
812 337 1002 387 ejusdem:
1032 338 1170 388 partim
1189 338 1368 382 animalia,
1390 351 1475 388 quae

206 397 347 435 habent
365 410 452 435 suos
470 398 631 448 impetus
651 403 688 435 et
706 410 829 434 rerum
848 397 1048 446 appetitus
1104 397 1245 433 Eorum
1262 402 1388 434 autem
1408 397 1477 436 alia

165 462 186 495 9
206 457 356 495 rationis
385 458 552 507 expertia
582 462 680 500 sunt,
701 457 772 494 alia
796 457 937 493 ratione
955 456 1108 492 utentia.
1164 456 1347 506 Expertes
1367 457 1477 494 ratio-

205 517 272 561 nis,
293 517 389 567 equi,
410 517 535 560 boves,
555 517 707 566 reliquae
742 516 916 566 pecudes,
946 528 1048 566 apeS,
1071 528 1229 565 quarum
1258 529 1371 566 opere
1402 516 1477 554 effi-

142 580 186 614 10
208 577 304 614 citur
322 576 460 626 aliquid
478 576 527 613 ad
546 589 656 613 usum
674 576 867 612 hominum
886 580 997 625 atque
1012 575 1137 612 vitam.
1176 575 1334 612 Ratione
1353 581 1479 612 autem

205 636 391 673 utentium
410 636 485 673 duo
512 648 651 686 genera
676 639 831 686 ponunt,
853 635 1010 672 deorum
1035 647 1163 678 unum,
1184 635 1343 671 alterum
1362 635 1478 672 homi-

206 709 306 733 num.
362 696 463 732 Deos
493 696 661 745 placatos
693 695 812 745 pietas
843 694 977 731 efficiet
1007 698 1044 730 et
1074 694 1271 730 sanctitas:
1312 694 1480 744 proxime

139 759 183 792 11
205 760 332 792 31116111
359 760 397 792 61
424 754 631 792 secundum
659 754 749 791 deos
776 754 1007 791 homines
1036 753 1329 790 hominibus
1356 765 1480 790 max-

204 814 298 851 ime
325 814 488 851 utiles
516 826 597 850 esse
625 818 793 863 possunt.
854 813 1069 862 Earumque
1106 813 1195 849 item
1226 825 1363 856 rerum,
1392 825 1478 862 quae

204 877 362 910 noceant
381 877 419 910 et
437 872 571 916 obsint,
593 872 727 908 eadem
752 872 883 909 divisio
912 878 980 909 est.
1036 872 1113 909 Sed
1132 872 1219 921 quia
1237 872 1328 908 deos
1347 884 1480 908 nocere

204 945 278 969 non
296 937 443 983 putant,
458 931 516 968 his
532 931 708 981 exceptis,
724 931 892 968 homines
907 931 1117 968 hominibus
1133 931 1264 968 obesse
1279 931 1481 981 plurimum

204 993 441 1030 arbitrantur.

139 1057 182 1089 12
255 1053 311 1088 Ea
340 1051 438 1089 enim
466 1051 559 1102 ipsa,
581 1064 666 1101 quae
698 1050 859 1088 inanima
888 1050 1060 1094 (1111111115,
1090 1050 1269 1100 pleraque
1298 1054 1385 1087 sunt
1413 1050 1480 1087 ho-

204 1112 345 1148 minum
364 1111 486 1161 operis
506 1111 648 1154 effecta,
670 1123 755 1160 quae
777 1123 844 1147 nec
864 1110 1098 1153 haberemus,
1120 1110 1188 1146 nisi
1212 1122 1344 1146 manus
1364 1114 1402 1146 et
1425 1121 1481 1146 ars

203 1171 420 1208 accessisset
436 1183 443 1207 ε
472 1183 540 1207 nec
560 1170 616 1207 his
636 1170 713 1206 sine
732 1169 924 1206 hominum
943 1169 1258 1206 administratione
1278 1173 1478 1206 uteremur.

137 1234 182 1267 13
204 1230 338 1280 Neque
358 1230 454 1267 enim
473 1229 696 1267 valetudinis
725 1228 876 1272 curatio,
897 1241 1018 1278 neque
1043 1228 1241 1278 navigatio,
1262 1240 1382 1277 neque
1401 1227 1480 1279 agri

204 1290 361 1333 cultura,
393 1302 516 1339 neque
544 1289 698 1339 frugum
731 1289 997 1337 fructuumque
1029 1288 1255 1337 reliquorum
1289 1287 1480 1337 perceptio

138 1353 184 1386 14
205 1362 224 1386 6
236 1354 252 1386 1
270 1349 500 1386 conservatio
520 1349 596 1385 sine
616 1348 810 1385 hominum
830 1360 944 1398 opera
962 1347 1040 1384 ulla
1059 1359 1140 1384 esse
1161 1346 1354 1397 potuisset.
1392 1346 1416 1384 J
1419 1359 1479 1383 am

203 1421 292 1446 vero
319 1413 358 1445 61
385 1421 513 1445 63111111
540 1420 676 1451 rerum,
706 1407 841 1457 quibus
869 1407 1159 1450 abundaremus,
1190 1406 1410 1456 exportatio,
1442 1410 1480 1443 et

204 1481 344 1511 earum,
365 1468 501 1517 quibus
529 1480 738 1518 egeremus
759 1467 929 1510 invectio,
951 1472 1051 1503 certe
1075 1466 1179 1502 nulla
1205 1471 1315 1509 esset,
1335 1466 1405 1502 nisi
1423 1466 1480 1502 1115

140 1532 183 1565 15
203 1527 418 1564 muneribus
437 1527 605 1564 homines
620 1527 876 1577 fungerentur.
915 1526 1133 1575 Eademque
1148 1525 1289 1562 ratione
1304 1538 1372 1562 nee
1386 1525 1477 1575 lapi-

204 1587 270 1624 des
299 1599 319 1624 e
346 1592 446 1624 terra
473 1586 732 1623 exciderentur
759 1585 808 1622 ad
839 1599 951 1622 usum
982 1590 1153 1621 nostrum
1184 1584 1391 1627 necessarii,
1420 1597 1481 1621 nec

192 1648 354 1696 ferrum,
386 1659 444 1690 aes,
473 1659 622 1689 aurum,
652 1651 846 1694 arqentum
873 1645 1098 1682 effoderetur
1124 1645 1275 1692 penitus
1301 1645 1475 1683 abditum,

204 1707 281 1743 sine
310 1706 503 1743 hominum
532 1706 659 1743 labore
687 1711 725 1742 et
753 1718 878 1742 manu.
935 1704 1004 1742 IV.
1034 1705 1149 1741 Tecta
1166 1717 1266 1747 vero,
1287 1704 1422 1754 quibus
1442 1708 1480 1740 et

204 1766 387 1815 frigorum
402 1766 456 1801 vis
471 1765 683 1815 pelleretur,
701 1770 738 1801 et
754 1765 919 1802 calorum
938 1764 1119 1800 molestiae
1137 1763 1366 1806 sedarentur,
1379 1763 1480 1800 unde

203 1829 269 1861 aut
295 1824 396 1861 initio
421 1824 547 1875 generi
574 1824 844 1861 humanodari
869 1823 1176 1873 potuissent‚‘aut
1195 1827 1327 1872 postea
1345 1822 1478 1859 subve-

203 1884 281 1927 niri,
303 1884 333 1920 si
352 1888 418 1921 aut
435 1884 472 1920 vi
494 1884 728 1933 tempestatis
748 1887 814 1920 aut
840 1888 950 1920 terrae
968 1887 1076 1919 motu
1094 1886 1160 1918 aut
1178 1885 1366 1918 vetustate
1386 1881 1477 1918 ceci-

203 1943 355 1986 dissent,
375 1943 443 1980 nisi
462 1943 667 1980 communis
686 1942 762 1979 vita
781 1942 828 1979 ab
847 1942 1059 1979 hominibus
1077 1942 1211 1978 harum
1230 1953 1355 1977 rerum
1375 1941 1477 1977 auxi-

158 2009 179 2041 2
202 2002 252 2039 113
265 2008 392 2053 petere
408 2002 626 2039 didicisset?
655 2002 769 2039 Adde
784 2002 920 2039 ductus
937 2013 1129 2051 aquarum,
1147 2000 1394 2038 derivationes
1409 2000 1477 2036 flu-

201 2062 353 2105 minum,
363 2064 543 2112 *agrorum
554 2062 796 2112 irrigationes,
810 2061 926 2098 moles
939 2061 1132 2111 oppositas
1143 2060 1332 2103 fluctibus,
1346 2064 1478 2110 portus

202 2134 317 2158 manu
342 2121 473 2164 factos,
494 2133 579 2170 quae
605 2121 706 2157 unde
733 2121 809 2157 sine
833 2120 1026 2157 hominum
1053 2132 1166 2170 opere
1192 2119 1330 2156 habere
1351 2122 1478 2169 posse-

161 2186 182 2218 3
203 2181 316 2218 mus?
361 2180 419 2217 Ex
437 2180 572 2229 quibus
591 2180 792 2229 multisque
811 2180 889 2216 aliis
909 2179 1147 2230 perspicuum
1167 2184 1234 2222 est,
1252 2179 1316 2228 qui
1333 2179 1478 2216 fructus

204 2252 363 2290 quaeque
381 2240 559 2276 utilitates
578 2252 624 2276 ex
642 2239 755 2276 rebus
774 2239 827 2283 iis,
849 2252 933 2289 quae
955 2244 1042 2275 sunt
1066 2239 1252 2282 inanimae,
1273 2238 1478 2288 percipian-

186 2305 257 2342 tur,
287 2312 350 2336 eas
382 2312 449 2335 nos
481 2299 584 2335 nullo
616 2298 728 2335 modo
760 2298 837 2335 sine
865 2298 1056 2335 hominum
1083 2311 1197 2334 manu
1224 2302 1337 2347 atque
1365 2309 1478 2348 opera

161 2365 182 2394 4
204 2371 337 2409 capere
367 2358 543 2409 potuisse.
600 2358 673 2402 Qui
701 2357 860 2407 denique
889 2370 935 2395 ex
962 2358 1089 2396 bestiis
1115 2358 1272 2401 fructus,
1298 2361 1364 2394 aut
1390 2369 1475 2406 quae

164 2424 183 2456 5
204 2418 462 2463 commoditas,
480 2417 549 2455 nisi
572 2417 739 2455 homines
758 2417 991 2468 adjuvarent,
1012 2417 1153 2468 percipi
1171 2417 1328 2468 posset?
1376 2416 1415 2453 N
1416 2428 1475 2453 am
