1674 2754
177 198 226 234 22
726 205 776 229 DE
796 205 965 230 orme-ns

246 281 298 331 ut*
317 292 476 343 quisque
507 291 670 329 maxime
702 291 902 329 virtutibus
938 291 997 328 his
1028 290 1228 328 lenionbus
1260 289 1330 328 erit
1360 293 1525 333 ornatus,

245 352 438 395 modestia,
468 351 725 402 temperantia,
754 351 827 388 hac
858 351 952 401 ipsa,
982 351 1030 388 de
1062 363 1138 401 qua
1167 350 1288 387 multa
1313 348 1393 400 jam
1426 349 1528 387 diota

204 418 225 451 2
246 417 345 457 sunt,
363 413 520 463 justitia.
576 411 677 449 Nam
696 411 802 448 fortis
821 411 966 448 animus
986 415 1024 448 et
1042 423 1214 462 magnus,
1228 410 1267 447 in
1284 410 1434 447 homine
1452 422 1528 447 non

245 473 412 524 perfecto
430 485 498 509 nec
517 471 696 522 sapiente,
711 470 913 508 ferventior
931 471 1155 521 plerumque
1174 474 1250 507 est:
1278 470 1354 508 illae
1370 470 1528 507 virtutes
1593 505 1603 515 Γ

246 533 390 570 bonum
408 532 531 569 virum
550 531 726 568 videntur
745 531 871 582 potius
890 531 1085 582 attingere.
1141 530 1272 580 Atque
1291 530 1374 567 haeo
1392 529 1431 567 in
1447 541 1527 566 mo-

202 597 224 630 3
244 592 377 640 ribus.v
416 592 474 629 De
506 591 756 629 benivolentia
783 595 922 634 autem,
943 603 1057 641 quam
1085 590 1243 641 quisque
1270 590 1411 627 habeat
1438 601 1529 641 erga

243 665 322 696 nos,
345 652 508 703 primum
534 651 628 688 illud
658 655 716 688 est
743 651 781 688 in
810 650 941 694 officio,
962 655 1006 688 ut
1024 650 1058 688 ei
1075 650 1279 701 plurimum
1306 649 1528 694 tribuamus,

243 724 266 749 a
295 724 371 763 quo
403 711 608 762 plurimum
639 710 852 762 diligamur.
908 710 986 748 Sed
1014 709 1303 748 benivolentiam
1332 722 1408 746 11011
1438 708 1529 747 ado·

243 771 537 809 lescentulorum
568 783 673 808 more
705 770 837 808 ardore
866 769 1031 820 quodam
1062 769 1209 814 amoris,
1232 769 1300 807 sed
1328 768 1531 807 stabilitate

201 834 224 867 4
245 831 370 881 potius
400 835 439 868 et
469 830 678 868 constantia
705 829 932 880 judicemus.
988 829 1055 867 Sin
1082 834 1194 867 erunt
1221 829 1364 873 merita,
1385 833 1430 866 ut
1455 841 1532 866 non

242 890 416 933 ineunda,
437 889 505 927 sed
529 889 727 926 referenda
752 889 800 926 sit
825 889 960 940 gratia,
979 889 1101 940 major
1120 889 1299 939 quaedam
1318 901 1407 927 eura
1425 888 1532 926 adhi-

243 949 368 988 benda
397 953 465 987 est.
521 948 679 986 Nullum
712 949 810 986 enim
839 948 1001 986 officium
1033 948 1230 986 referenda
1260 949 1383 1000 gratia
1408 947 1532 999 magis

201 1016 223 1049 5
243 1009 496 1047 necessarium
515 1013 584 1046 est.
641 1008 786 1053 Quodsi
815 1021 871 1052 ea,
893 1021 979 1059 quae
1005 1008 1149 1045 utenda
1167 1008 1369 1059 acceperis,
1388 1007 1532 1059 majore

243 1082 429 1113 mensura,
450 1069 482 1106 si
506 1068 619 1106 modo
647 1069 779 1119 possis,
797 1068 909 1119 jubet
931 1068 1091 1106 reddere
1111 1068 1323 1112 Hesiodus3
1352 1067 1532 1118 quidnam

243 1129 423 1167 beneficio
438 1128 632 1179 provocati
646 1129 768 1165 facere
783 1128 993 1166 debemus?
1022 1129 1087 1165 An
1100 1128 1236 1166 imitari
1250 1141 1362 1179 agros
1376 1128 1530 1173 fertiles,

202 1194 223 1227 6
244 1189 308 1240 qui
326 1188 447 1226 multo
466 1188 552 1239 plus
571 1188 742 1231 efferunt,
759 1200 874 1238 quam
894 1189 1151 1238 acceperunt?
1179 1188 1330 1225 Etenim
1349 1187 1380 1225 si
1398 1188 1436 1225 in
1454 1200 1532 1233 308,

245 1262 340 1300 quos
360 1261 556 1299 speramus
584 1247 692 1286 nobis
720 1247 950 1298 profuturos,
971 1260 1047 1284 non
1067 1247 1285 1285 dubitamus
1305 1247 1425 1285 officia
1444 1260 1531 1285 con-

202 1310 222 1347 7
243 1309 362 1353 ferre3
383 1308 513 1359 quales
528 1308 566 1345 in
580 1320 643 1345 eos
659 1320 741 1345 esse
762 1307 955 1352 debemus,
972 1308 1037 1358 qui
1052 1307 1133 1358 jam
1153 1308 1401 1358 profuerunt?
1430 1308 1531 1346 Nam

244 1382 330 1406 oum
359 1368 435 1406 duo
463 1380 602 1419 genera
626 1368 858 1405 liberahtatis
887 1367 971 1412 sint,
991 1380 1110 1404 unum
1140 1368 1254 1405 dandi
1279 1367 1458 1412 beneficii,
1478 1367 1530 1405 al-

243 1434 366 1466 terum
385 1427 589 1465 reddendi:
620 1427 765 1473 demus,
786 1426 914 1471 necne,
934 1427 973 1465 in
991 1433 1120 1465 nostra
1140 1433 1328 1478 potestate
1348 1433 1407 1465 est
1419 1441 1428 1472 ;
1456 1440 1533 1466 non

243 1488 414 1532 reddere,
448 1488 527 1525 viro
559 1488 658 1525 bono
690 1500 765 1525 non
796 1488 895 1531 licet,
928 1487 1043 1525 modo
1075 1488 1115 1525 id
1146 1488 1270 1525 facere
1303 1488 1422 1538 possit
1453 1488 1532 1526 sine

202 1553 223 1586 8
243 1548 387 1599 injuria.
443 1547 703 1598 Acceptorum
731 1552 859 1584 autem
887 1547 1152 1585 beneficiorum
1171 1552 1259 1584 sunt
1278 1547 1447 1585 delectus
1464 1548 1530 1585 ha-

243 1608 368 1646 bendi.
425 1607 506 1645 Nec
526 1607 696 1651 dubium,
718 1607 807 1658 quin
825 1607 989 1644 maximo
1009 1607 1143 1658 cuique
1171 1607 1375 1658 plurimum
1394 1607 1531 1646 debea-

242 1673 316 1705 tur.
374 1668 420 1705 In
449 1680 524 1718 quo
553 1672 682 1704 tamen
710 1667 749 1704 in
779 1667 918 1718 primis,
949 1680 1024 1718 quo
1051 1667 1210 1718 quisque
1237 1667 1372 1711 animo,
1393 1667 1531 1712 studio,

201 1733 223 1766 9
243 1727 493 1766 benivolentia
520 1727 663 1771 fecerit,
685 1727 972 1777 ponderandum
1000 1732 1068 1765 est.
1125 1727 1237 1764 Multi
1264 1727 1363 1764 enim
1389 1727 1534 1765 faciunt

243 1788 364 1824 multa
382 1787 593 1823 temeritate
613 1786 778 1836 quadam
808 1786 886 1823 sine
916 1786 1071 1837 judicio,
1092 1786 1151 1824 vel
1179 1787 1314 1824 morbo
1333 1786 1370 1824 in
1389 1799 1530 1832 omnes,

243 1847 304 1884 vel
335 1846 530 1897 repentino
558 1845 733 1896 quodam,
760 1846 867 1896 quasi
898 1850 1022 1890 vento,
1050 1846 1197 1897 impetu
1225 1846 1337 1883 animi
1363 1846 1529 1885 incitati:

244 1919 330 1957 quae
361 1905 540 1943 beneficia
573 1918 680 1955 aeque
717 1918 856 1957 magna
884 1919 960 1943 non
989 1910 1078 1943 sunt
1109 1906 1296 1950 habenda,
1331 1911 1446 1957 atque
1473 1919 1530 1952 ea,

179 1970 225 2006 10
245 1979 331 2016 quae
355 1965 508 2016 judicio,
529 1965 762 2002 considerate
782 1970 1071 2016 constanterque
1097 1965 1223 2003 delata
1241 1970 1341 2005 sunt.
1396 1965 1475 2004 Sed
1493 1967 1537 2009 in

244 2025 463 2063 collocando
490 2025 682 2069 beneficio,
704 2029 742 2062 et
769 2025 808 2062 in
836 2025 1033 2063 referenda
1060 2026 1194 2076 gratia,
1215 2025 1247 2063 si
1274 2030 1399 2064 cetera
1426 2026 1532 2077 paria

243 2090 342 2130 sunt,
363 2085 435 2122 hoe
462 2084 623 2122 maxime
653 2085 762 2122 officii
788 2089 857 2129 est,
876 2089 921 2122 ut
950 2085 1107 2136 quisque
1136 2085 1297 2123 maxime
1326 2086 1408 2136 opis
1435 2085 1529 2124 indi-

243 2150 342 2196 geat,
362 2145 415 2182 ita
434 2144 466 2181 ei
492 2144 728 2195 potissimum
748 2144 933 2195 opitulari.
990 2145 1102 2190 Quod
1124 2150 1254 2182 eontra
1279 2146 1322 2182 fit
1349 2158 1372 2182 a
1399 2146 1527 2197 pleris—

180 2209 218 2244 11
244 2217 327 2256 que.
384 2204 424 2241 A
442 2216 518 2254 quo
542 2203 640 2241 enim
670 2204 873 2255 plurimum
903 2209 1067 2256 sperant,
1087 2205 1234 2243 etiamsi
1260 2206 1291 2244 is
1322 2218 1398 2243 non
1427 2210 1526 2258 eget,

242 2269 370 2302 tamen
389 2263 422 2301 ei
441 2263 677 2315 potissimum
696 2264 911 2302 inserviunt.

296 2383 400 2422 XVI.
431 2383 584 2434 Optime
604 2389 732 2421 autem
750 2384 910 2422 societas
928 2384 1122 2422 hominum
1141 2385 1431 2437 conjunctioque
1450 2398 1528 2424 ser-

243 2443 404 2488 vabitur,
418 2443 460 2487 si,
475 2448 520 2481 ut
537 2444 696 2494 quisque
711 2444 780 2482 erit
794 2444 1130 2495 conjunctissimus,
1143 2445 1196 2483 ita
1209 2446 1246 2483 in
1261 2459 1347 2484 eum
1359 2445 1527 2498 benigni-
