1636 2758
581 350 988 400 CONSPECTUS

203 485 392 525 TOTIUS
420 485 608 524 OPERIS
638 485 996 524 OIOERONIANI
1023 485 1095 523 DE
1124 482 1364 523 OFFIOIIS.

682 763 825 795 LIBER
857 764 883 795 Ι.

109 850 345 889 Prooemium*
364 849 414 887 ad
441 849 557 888 filium
594 850 642 888 de
670 850 931 901 conjungenda
958 850 1108 888 Graecae
1147 849 1365 900 Latinaeque
1392 848 1457 886 lin-

395 915 481 953 guae
509 903 700 947 facultate,
725 903 968 962 legendisque
995 915 1040 940 ea
1059 902 1107 940 de
1127 915 1241 940 causa
1261 902 1336 939 suis
1355 901 1458 939 libris

397 956 446 992 de
466 955 704 1006 philosophia
723 955 889 1005 scriptis:
920 968 1002 1006 cap.
1027 959 1059 993 1.

110 1007 322 1056 Propositio
341 1007 401 1051 rei,
424 1020 463 1044 se
482 1007 530 1044 de
552 1007 689 1045 Officiis
717 1020 815 1044 nunc
844 1007 997 1057 quidem
1025 1007 1264 1058 scripturum,
1286 1011 1324 1044 et
1351 1006 1387 1044 in
1415 1019 1459 1044 ec

399 1065 621 1111 argumento
640 1060 787 1098 Stoicos
807 1065 1044 1097 secuturum:
1075 1072 1157 1109 cap.
1181 1063 1215 1103 2,
1237 1057 1331 1109 §1—
1335 1064 1394 1097 10.

114 1104 291 1163 Definitio
312 1112 442 1156 Officii,
459 1112 507 1149 de
526 1125 601 1162 quo
619 1113 676 1149 his
696 1112 795 1149 libris
811 1117 964 1149 acturus
983 1112 1051 1149 sit:
1081 1124 1162 1148 esse
1182 1112 1279 1148 enim
1293 1111 1342 1155 id,
1360 1112 1460 1162 quod

397 1164 552 1215 singulis
579 1164 616 1201 in
644 1165 756 1202 rebus
785 1169 987 1215 spectetur,
1010 1170 1047 1201 et
1075 1164 1176 1215 quod
1204 1165 1365 1201 medium
1384 1165 1460 1202 sive

397 1229 584 1254 commune
611 1217 769 1260 dicatur,
790 1217 975 1254 actionem
995 1217 1103 1268 cujus
1124 1229 1237 1254 causa
1257 1217 1460 1267 probabilis

396 1269 505 1307 reddi
524 1269 662 1320 possit:
693 1282 774 1320 cap.
793 1274 827 1314 2,
850 1268 872 1320 ξ
891 1274 1078 1320 ll—cap.
1100 1275 1136 1313 3,
1157 1268 1179 1320 ξ
1201 1275 1235 1307 5.

110 1322 258 1362 Divisio
283 1322 515 1360 tractationis
535 1322 783 1374 quincuplex:
813 1335 894 1360 esse
914 1323 1013 1360 enim
1043 1322 1234 1373 agendum
1260 1322 1290 1359 I.
1313 1321 1360 1359 de
1381 1322 1458 1359 Ho-

398 1379 516 1419 nesto,
546 1376 598 1413 II.
627 1375 675 1413 de
701 1376 957 1412 Honestorum
988 1374 1275 1426 comparatione,
1306 1375 1379 1412 III.
1412 1375 1460 1412 de

397 1427 502 1471 Utili,
523 1428 592 1465 IV.
629 1428 676 1465 de
706 1427 866 1465 Utilium
896 1428 1188 1478 comparatione,
1219 1427 1268 1465 V.
1302 1427 1349 1464 de
1380 1427 1458 1464 Ho-

397 1480 494 1517 nesti
522 1485 560 1517 et
577 1481 715 1524 -Utilis,
748 1493 834 1531 quae
877 1480 1048 1519 videatur
1078 1493 1171 1524 6556,
1201 1480 1458 1518 contentione:

399 1545 480 1584 cap.
504 1538 539 1577 3,
560 1531 582 1584 ξ
604 1534 743 1570 6—fin.
766 1546 849 1585 cap.

164 1630 194 1667 1.
215 1629 274 1666 De
293 1627 451 1665 Honeste
469 1627 593 1679 agitur
612 1640 634 1664 a
653 1641 735 1678 cap.
757 1632 917 1678 4-cap,
940 1631 1001 1665 42.

218 1680 451 1718 Generaliter
469 1679 517 1717 de
536 1684 670 1718 natura
689 1680 847 1717 Honesti
865 1680 902 1717 in
921 1680 1155 1717 universum:
1185 1692 1268 1731 cap.
1290 1683 1324 1718 4.

217 1733 404 1771 Divisione
423 1732 523 1769 facta
542 1732 789 1783 quadruplici,
809 1732 910 1770 unde
930 1732 1087 1770 virtutes
1107 1732 1296 1770 ducuntur
1315 1733 1460 1784 sapien-

322 1785 399 1830 tiae,
416 1784 585 1835 justitiae,
605 1784 842 1829 fortitudinis,
859 1785 1132 1836 temperantiae,
1152 1797 1232 1836 cap.
1256 1791 1290 1823 5.

217 1880 259 1933 1)
280 1880 328 1918 (16
349 1879 542 1929 Sapientia
560 1879 684 1931 agitur
702 1892 784 1932 cap.
807 1884 841 1918 6.

216 1975 258 2028 2)
278 1976 326 2015 (16
344 1976 554 2080 ιῙαείΙὶίΒίαὲοι
572 1975 818 2025 Beneficentia
838 1989 924 2014 cum
943 1976 1007 2014 illa
1025 1976 1225 2028 conjuncta
1243 1989 1266 2014 a
1280 1989 1362 2028 cap.
1385 1977 1460 2015 7—-

323 2041 392 2080 cap
552 2034 587 2068 5.

267 2124 318 2163 A.
348 2123 395 2162 (16
413 2124 573 2162 Justitia
591 2136 614 2161 a
633 2136 714 2175 cap.
733 2125 768 2169 7,
784 2123 807 2175 ξ
828 2129 988 2175 2-cap,
1012 2129 1072 2163 13.

347 2175 386 2228 a)
407 2177 456 2215 de
474 2177 556 2228 ipsa
574 2177 711 2214 virtute
728 2177 908 2228 justitiae:
938 2190 1009 2228 cap
1013 2178 1074 2222 .,7
1096 2176 1118 2228 ξ
1140 2176 1240 2228 2—-§
1262 2182 1298 2216 6.

337 2229 390 2279 1))
409 2229 456 2267 (16
475 2229 666 2280 injustitiae
686 2229 834 2267 duobus
854 2230 1064 2281 generibus,
1085 2230 1289 2268 inferendae
1319 2235 1358 2267 et
1384 2242 1456 2269 non

452 2281 726 2334 prohibendae
718 2282 886 2333 mjuriae:
917 2295 998 2342 cap.
1023 2283 1056 2327 7,
1078 2281 1099 2333 ξ
1122 2283 1142 2320 7
1165 2287 1203 2320 et
1223 2287 1257 2321 8.

507 2332 548 2385 α)
570 2334 617 2372 (16
636 2334 993 2386 inferendainjuria:
1018 2348 1041 2372 a
1056 2348 1138 2385 cap.
1154 2335 1189 2379 7,
1205 2334 1227 2386 ἓ
1248 2339 1407 2384 9—cap.
1425 2339 1459 2372 8.

503 2386 553 2438 β)
574 2387 622 2424 (16
665 2387 988 2438 praetermittenda
1031 2387 1245 2425 defensione
1279 2386 1460 2437 justitiae:

612 2451 695 2490 cap.
718 2443 753 2483 9,
774 2437 919 2528 §11—§
939 2446 973 2477 5.
