1674 2754
610 173 724 197 umm
741 173 768 197 1.
825 173 913 198 CAP.
935 174 987 198 1x.
1430 166 1475 201 1⁵

120 258 266 305 Quibus
297 259 412 298 rebus
444 258 622 297 effectum
654 263 722 303 est,
752 262 796 296 ut
833 257 976 296 infinita
1013 261 1184 310 pecuniae
1217 256 1407 312 cupiditas

119 323 230 372 esset.
285 319 369 358 Nec
396 332 487 358 vero
514 319 568 358 rei
595 319 787 357 familiaris
815 319 1070 370 amplificatio,
1090 321 1227 358 nemini
1254 333 1404 366 nocens,
1428 324 1451 358 4

119 380 369 431 vituperanda
387 384 464 418 est:
493 379 562 418 sed
589 379 769 432 fugienda
787 392 939 431 semper
964 379 1100 431 injuria
1120 385 1188 418 est.
1245 381 1408 419 Maxime
1429 387 1450 420 5

119 445 247 478 autem
274 440 517 479 adducuntur
546 441 725 492 plerique,
754 445 798 478 ut
825 453 890 479 eos
917 440 1075 492 justitiae
1108 440 1233 492 capiat
1260 441 1407 486 oblivio,

119 514 208 540 cum
225 501 263 539 in
281 501 534 553 imperiorum,
550 501 747 546 honorum,
764 501 895 553 gloriae
915 501 1163 552 cupiditatem
1185 501 1407 539 inciderunt.

119 561 236 605 Quod
255 561 355 601 enim
372 565 431 599 est
449 561 555 614 apud
573 561 749 607 Ennium,
1430 566 1453 600 6

596 647 706 684 nulla
725 651 851 684 sancta
869 646 1029 692 societas,

515 719 520 726 ‘
545 720 606 745 nec
616 707 716 757 fides
733 708 837 756 requi
855 712 907 745 est
917 719 936 756 ,·

118 794 157 834 id
176 795 287 834 latius
302 799 421 847 patet.
476 795 578 833 Nam
598 795 776 847 quicquid
795 795 983 847 ejusmodi
998 799 1067 841 est,
1081 795 1119 834 in
1137 809 1213 847 quo
1231 809 1307 834 non
1326 807 1412 847 pes-

119 856 193 894 sint
212 856 341 907 plures
361 855 555 901 excellere,
578 856 615 894 in
643 869 688 894 eo
718 857 761 894 fit
780 857 1004 908 plerumque
1022 861 1130 894 tanta
1149 856 1350 901 contentio,
1370 861 1414 894 ut

120 908 376 956 difficillimum
404 916 451 954 sit
479 929 627 954 servare
654 922 825 954 sanctam
845 917 1074 955 societatem.
1130 916 1347 955 Declaravit
1373 916 1413 954 id
1435 916 1456 955 7

119 977 234 1015 modo
253 977 443 1015 temeritas
464 976 506 1015 G.
530 977 703 1022 Caesaris,
725 977 790 1028 qui
809 977 933 1015 omnia
949 977 1037 1028 jura
1057 977 1183 1015 divina
1207 982 1323 1028 atque
1342 977 1413 1015 hu-

120 1050 231 1074 mana
250 1037 432 1089 pervertit
451 1042 607 1088 propter
626 1050 725 1082 eum,
747 1050 860 1088 quem
880 1037 950 1075 sibi
979 1038 1061 1088 ipse
1081 1037 1264 1088 opinionis
1289 1050 1415 1075 errore

120 1087 289 1142 finxerat,
311 1097 573 1148 principatum.
629 1097 699 1135 Est
726 1102 854 1135 autem
874 1097 912 1135 in
930 1098 1003 1135 hoc
1031 1110 1170 1148 genere
1198 1097 1412 1142 molestum,
1436 1102 1458 1135 8

119 1157 222 1209 quod
241 1157 280 1195 in
297 1157 469 1195 maximis
497 1157 628 1194 animis
657 1157 1044 1208 splendidissimisque
1072 1157 1229 1209 ingeniis
1248 1157 1413 1208 plerum-

119 1231 194 1269 que
221 1218 387 1255 existunt
414 1217 577 1261 honoris,
610 1217 767 1268 imperii,
800 1217 994 1268 potentiae,
1015 1218 1145 1269 gloriae
1177 1218 1414 1269 cupiditates.

121 1279 206 1324 Quo
225 1277 347 1330 magis
376 1277 588 1316 cavendum
615 1283 683 1323 est,
705 1291 752 1316 ne
781 1278 873 1329 quid
906 1278 944 1316 in
976 1291 1021 1316 eo
1054 1291 1193 1330 genere
1223 1283 1413 1329 peccetur.
1436 1282 1458 1316 9

119 1339 198 1377 Sed
215 1339 253 1376 in
281 1338 382 1377 omni
408 1338 592 1389 injustitia
621 1338 854 1389 permultum
881 1338 1048 1383 interest,
1069 1343 1198 1376 utrum
1218 1339 1415 1390 perturba-

119 1399 219 1437 tione
238 1399 362 1450 aliqua
381 1398 506 1444 animi,
527 1412 616 1450 quae
645 1399 871 1450 plerumque
900 1399 1023 1438 brevis
1044 1404 1102 1437 est
1121 1404 1160 1437 et
1180 1399 1230 1436 ad
1250 1403 1414 1450 tempus,

119 1473 168 1498 an
187 1460 359 1498 consulto
387 1464 426 1497 et
445 1459 614 1511 cogitata
640 1460 707 1497 fiat
733 1460 879 1510 injuria.
935 1459 1095 1497 Leviora
1123 1459 1221 1497 enim
1251 1464 1339 1497 sunt
1359 1472 1414 1504 ea,
1438 1463 1485 1497 10

119 1533 206 1571 quae
223 1519 420 1572 repentino
439 1520 563 1571 aliquo
582 1524 690 1558 motu
709 1520 896 1564 accidunt,
913 1533 1028 1571 quam
1048 1533 1103 1564 ea,
1121 1533 1207 1570 quae
1235 1520 1417 1557 meditata

120 1585 159 1619 et
189 1584 404 1632 praeparata
431 1580 653 1618 inferuntur.
710 1580 771 1618 Ac
800 1580 848 1617 de
875 1580 1069 1618 inferenda
1098 1580 1252 1631 quidem
1280 1580 1416 1631 injuria

121 1641 210 1679 satis
230 1641 374 1678 dictum
392 1644 461 1678 est.

174 1761 242 1799 IX.
271 1760 614 1799 Praetermittendae
641 1765 771 1798 autem
799 1760 1037 1805 defensionis,
1061 1760 1336 1812 deserendique
1360 1761 1414 1799 of·

122 1821 193 1860 ficii
222 1821 350 1873 plures
380 1821 504 1859 solent
540 1833 623 1859 esse
665 1833 800 1859 causae.
870 1821 971 1858 Nam
1005 1825 1072 1858 aut
1102 1821 1321 1866 inimicitias,
1349 1826 1417 1859 aut

121 1883 299 1927 laborem,
319 1886 386 1920 aut
405 1886 581 1933 sumptus
601 1881 792 1933 suscipere
820 1881 975 1926 nolunt3
1005 1886 1072 1919 aut
1091 1882 1204 1920 etiam
1223 1882 1416 1934 negligen-

121 1943 184 1988 tia,
205 1942 364 1995 pigritia,
385 1942 539 1987 inertia;
569 1946 636 1980 aut
655 1942 732 1980 suis
752 1942 886 1980 studiis
915 1942 1144 1993 quibusdam
1163 1943 1415 1993 occupationi-

122 2004 240 2042 busve
260 2003 312 2041 sic
332 2003 600 2054 impediuntur,
621 2007 664 2040 ut
684 2015 760 2047 eos,
782 2016 877 2053 quos
903 2003 1019 2040 tutari
1047 2003 1224 2048 debeant,
1246 2003 1416 2041 desertos

120 2077 204 2102 esse
234 2063 436 2115 patiantur.
494 2064 630 2114 Itaque
662 2063 871 2101 videndum
900 2067 968 2108 est,
990 2076 1036 2101 ne
1064 2076 1139 2101 non
1169 2063 1259 2101 satis
1290 2063 1336 2101 sit
1364 2063 1415 2108 id,
1437 2067 1458 2100 2

120 2124 224 2175 quod
244 2123 347 2175 apud
366 2123 565 2161 Platonem
580 2124 688 2161 estin
704 2124 951 2175 philosophos
972 2124 1135 2162 dictum:
1166 2123 1269 2174 quod
1284 2123 1321 2161 in
1339 2123 1417 2161 veri

121 2184 406 2236 investigatione
439 2189 644 2227 versentur,
675 2184 854 2235 quodque
892 2197 947 2228 ea,
980 2197 1066 2235 quae
1102 2184 1271 2235 plerique
1304 2184 1416 2221 vehe-

122 2248 268 2282 menter
291 2249 482 2295 expetant,
504 2244 552 2282 de
572 2244 709 2295 quibus
735 2244 831 2282 inter
860 2257 899 2282 se
926 2244 1124 2296 digladiari
1150 2245 1304 2288 soleant,
1328 2257 1414 2281 con-

125 2309 294 2342 temnant
313 2309 351 2342 et
380 2317 449 2354 pro
477 2304 591 2342 nihilo
612 2309 759 2355 putent,
782 2310 985 2356 propterea
1009 2305 1135 2356 justos
1163 2318 1255 2342 esse.
1315 2304 1415 2341 Nam
1436 2309 1457 2341 3

122 2364 284 2403 alterum
308 2364 466 2416 justitiae
496 2378 616 2417 genus
646 2369 908 2415 assequuntur,
931 2366 968 2403 in
992 2365 1186 2403 inferenda
1205 2378 1251 2402 ne
1272 2365 1332 2402 cui
1351 2378 1415 2402 no·
1437 2367 1458 2402 4

122 2429 232 2464 ceant
250 2425 406 2477 injuria;
434 2425 471 2464 in
489 2426 650 2463 alterum
670 2425 860 2463 incidunt:
890 2425 1059 2463 discendi
1087 2426 1185 2463 enim
1204 2425 1331 2463 studio
1349 2425 1416 2463 im-
