1674 2754
600 197 714 221 LIBER
735 198 776 222 11.
834 198 922 223 CAP.
944 199 1052 223 xxm.
1455 189 1506 225 83

146 283 250 321 ranni
279 282 493 328 existerent,
525 288 564 321 et
592 282 793 334 optimates
824 283 1173 328 exterminarentur,
1208 290 1247 322 et
1280 285 1435 336 praecla—

144 343 286 381 rissime
306 343 510 380 constituta
528 356 589 381 res
607 343 759 395 publica
777 343 1016 381 dilaberetur.
1064 344 1146 381 Nec
1167 357 1256 381 vero
1274 344 1358 395 ipsa
1377 357 1435 382 so·
1456 349 1478 383 Ξ

143 402 223 441 lum
252 403 398 448 cecidit,
419 403 487 441 sed
507 403 620 441 etiam
650 403 833 454 reliquam
864 403 1051 441 Graeciam
1078 404 1212 441 evertit
1243 404 1436 455 contagio-

143 462 254 500 nibus
283 463 482 508 malorum,
516 476 602 514 quae
637 476 659 500 a
695 463 993 501 Lacedaemoniis
1023 463 1205 515 profectae
1236 468 1437 501 manarunt

142 522 265 561 latius.
322 523 455 568 Quid?
492 528 640 561 nostros
673 523 878 567 Gracchos,
909 524 962 561 Ti.
995 524 1169 568 Gracchi,
1191 524 1330 561 summi
1358 524 1436 567 viri,
1456 527 1478 560 4

143 582 249 627 filios,
280 582 451 621 Africani
489 588 658 634 nepotes,
687 596 810 620 nonne
839 583 998 635 agrariae
1027 583 1283 622 contentiones
1314 583 1437 634 perdi-

142 642 309 682 derunt?
350 643 407 681 At
427 656 517 681 vcro
536 644 680 681 Aratus
701 643 897 694 Sicyonius
924 643 1011 694 jure
1040 644 1231 688 laudatur,
1253 643 1328 694 qui,
1350 656 1437 681 cum
1457 648 1480 681 5

141 705 224 756 ejus
257 704 386 743 civitas
419 703 692 754 quinquaginta
721 716 837 740 annos
866 716 888 740 a
916 704 1085 754 tyrannis
1118 708 1320 748 teneretur,
1352 716 1436 754 pro-

141 765 264 804 fectus
283 764 400 816 Argis
420 764 634 814 Sicyonem,
656 763 892 801 clandestino
919 763 1074 802 introitu
1091 765 1186 803 urbe
1205 769 1263 801 est
1282 764 1436 814 potitus.

143 825 316 876 Cumque
335 829 538 876 tyrannum
558 824 751 862 Nicoclem
780 824 984 875 improviso
1004 825 1264 877 oppressisset,
1286 836 1437 862 sexcen-

142 890 199 923 tos
219 885 359 929 exules,
380 884 445 935 qui
462 884 749 935 locupletissimi
778 884 929 921 fuerant
959 885 1041 936 ejus
1070 884 1241 928 civitatis,
1262 884 1436 928 restituit,

144 958 297 996 remque
317 945 508 996 publicam
527 944 695 982 adventu
714 957 783 982 suo
802 944 984 982 liberavit.
1044 944 1123 982 Sed
1143 958 1230 982 cum
1259 956 1437 995 magnam
1457 947 1481 982 6

142 1005 456 1043 animadverteret
474 1005 512 1041 in
531 1004 638 1042 bonis
664 1009 702 1042 et
722 1004 1021 1055 possessionibus
1042 1004 1313 1048 difficultatem,
1335 1003 1438 1055 quod

142 1070 181 1102 et
194 1078 276 1109 eos,
297 1078 392 1116 quos
412 1065 493 1115 ipse
513 1064 741 1108 restituerat,
764 1077 925 1115 quorum
953 1065 1054 1102 bona
1085 1065 1147 1102 alii
1177 1064 1436 1115 possederant,

142 1138 253 1177 egere
273 1125 547 1176 iniquissimum
574 1137 657 1162 esse
685 1125 952 1169 arbitrabatur,
973 1129 1012 1161 et
1031 1124 1304 1175 quinquaginta
1323 1136 1432 1161 anno-

144 1198 226 1222 rum
245 1184 499 1236 possessiones
518 1197 669 1222 movere
688 1197 764 1221 non
782 1184 890 1221 nimis
907 1197 1062 1234 aequum
1077 1184 1250 1235 putabat,
1265 1188 1437 1235 propter-

141 1257 186 1282 ea
200 1245 302 1296 quod
321 1249 400 1282 tam
419 1245 534 1296 longo
555 1244 678 1295 spatio
697 1244 816 1281 multa
837 1244 1122 1289 hereditatibus,
1136 1244 1258 1281 multa
1277 1243 1436 1295 emptio·

142 1305 262 1350 nibus,
282 1305 405 1342 multa
423 1304 578 1343 dotibus
606 1305 832 1343 tenebantur
862 1305 941 1342 sine
971 1305 1127 1356 injuria:
1155 1304 1352 1355 judicavit,
1373 1317 1437 1342 ne-

141 1378 215 1417 que
233 1365 305 1404 illis
324 1365 451 1409 adimi,
472 1378 595 1416 neque
614 1365 674 1402 his
702 1378 778 1403 non
806 1365 988 1410 satisfieri,
1010 1378 1172 1415 quorum
1191 1364 1255 1402 illa
1273 1365 1436 1408 fuerant,

141 1431 328 1477 oportere.
376 1426 475 1463 Cum
494 1425 610 1477 igitur
627 1426 835 1470 statuisset,
851 1439 948 1477 opus
968 1438 1050 1463 esse
1069 1425 1119 1463 ad
1139 1438 1223 1463 eam
1241 1437 1321 1462 rem
1350 1437 1437 1462 con·
1459 1424 1478 1462 ‘7

142 1485 373 1524 stituendam
405 1486 578 1537 pecunia,
612 1485 886 1523 Alexandriam
919 1498 958 1523 se
993 1485 1178 1536 proficisci
1206 1485 1302 1522 velle
1331 1484 1437 1529 dixit,

142 1558 296 1596 remque
315 1546 501 1596 integram
515 1545 565 1582 ad
579 1545 742 1582 reditum
762 1557 874 1582 suum
890 1545 1004 1595 jussit
1023 1557 1127 1582 esse:
1149 1544 1254 1595 isque
1270 1544 1439 1582 celeriter

143 1605 193 1643 ad
224 1605 489 1649 Ptolemaeum,
524 1618 635 1642 suum
668 1605 868 1655 hospitem,
898 1605 1010 1649 venit,
1040 1604 1103 1655 qui
1135 1609 1218 1641 tum
1249 1604 1439 1655 regnabat

143 1666 240 1703 alter
269 1669 356 1716 post
372 1664 659 1712 ,Alexandriam
687 1665 898 1702 conditam:
929 1665 988 1702 cui
1008 1678 1095 1702 cum
1115 1664 1352 1715 exposuisset
1372 1676 1437 1714 pa·
1459 1667 1482 1702 8

145 1726 254 1764 triam
272 1739 312 1764 se
331 1726 488 1764 liberare
507 1726 613 1770 velle,
635 1738 864 1776 causamque
884 1725 1086 1769 docuisset,
1108 1738 1130 1761 a
1149 1737 1238 1776 rege
1258 1724 1439 1775 opulento

149 1787 199 1825 vir
217 1799 387 1824 summus
406 1786 514 1824 facile
534 1786 761 1836 impetravit,
782 1790 825 1822 ut
843 1785 979 1837 grandi
999 1784 1159 1836 pecunia
1178 1785 1436 1835 adjuvaretur.

144 1847 267 1893 Quam
298 1859 386 1884 cum
416 1846 618 1897 Sicyonem
647 1846 849 1890 attulisset,
878 1845 1052 1883 adhibuit
1081 1845 1152 1883 sibi
1175 1844 1213 1882 in
1242 1844 1437 1882 consilium
1457 1847 1479 1882 9

143 1906 356 1958 quindecim
386 1906 587 1958 principes,
609 1919 696 1943 cum
716 1906 854 1956 quibus
885 1918 1019 1943 causas
1040 1905 1217 1956 cognovit
1236 1909 1275 1942 et
1294 1916 1437 1948 eorum,

143 1967 208 2018 qui
227 1966 348 2004 aliena
366 1967 557 2011 tenebant,
572 1971 610 2004 et
630 1979 773 2010 eorum,
787 1966 852 2016 qui
872 1978 941 2003 sua
959 1966 1183 2003 amiserant:
1206 1964 1439 2016 perfecitque

144 2027 374 2065 aestimandis
393 2026 704 2078 possessionibus,
727 2031 771 2064 ut
790 2026 1038 2077 persuaderet
1065 2026 1157 2069 aliis,
1177 2029 1222 2063 ut
1241 2023 1439 2075 pecuniam

143 2087 314 2138 accipere
344 2087 513 2132 mallent,
535 2087 836 2138 possessionibus
867 2086 1067 2124 cederent:
1097 2086 1188 2130 aliis,
1208 2090 1253 2123 ut
1272 2097 1439 2123 commo·

144 2147 230 2185 dius
259 2152 449 2198 putarent,
469 2147 660 2185 numerari
688 2147 767 2191 sibi,
796 2147 899 2197 quod
929 2147 1023 2184 tanti
1053 2150 1164 2191 esset,
1184 2158 1299 2197 quam
1327 2157 1440 2182 suum

144 2219 379 2258 recuperare.
422 2207 483 2244 Ita
505 2207 717 2259 perfectum
733 2212 802 2251 cst,
819 2211 863 2244 ut
878 2219 1007 2244 omnes
1023 2206 1222 2245 concordia
1237 2204 1440 2243 constituta

145 2267 225 2305 sine
243 2267 396 2317 querela
415 2267 661 2306 discederent.
719 2267 752 2304 O
765 2267 887 2305 virum
901 2280 1095 2318 magnum,
1109 2266 1352 2316 dignumque,
1374 2262 1438 2313 qui
1463 2266 1507 2300 10

146 2327 181 2365 in
201 2339 240 2364 re
260 2326 411 2377 publica
429 2331 557 2364 nostra
575 2331 685 2364 natus
705 2331 805 2364 essct
822 2327 829 2364 !
863 2327 925 2365 Sic
946 2339 1015 2378 par
1034 2331 1092 2364 cst
1110 2337 1224 2376 agere
1245 2336 1330 2361 cum
1351 2322 1436 2360 civi-

145 2386 230 2430 bus,
244 2398 319 2424 non
339 2384 399 2437 (ut
417 2386 474 2424 bis
490 2387 570 2437 jam
590 2386 767 2438 vidimus)
788 2387 938 2425 hastam
958 2387 995 2424 in
1014 2386 1095 2424 foro
1116 2396 1265 2436 ponere,
1280 2387 1319 2420 ct
1338 2383 1438 2420 bona

147 2439 283 2486 civium
307 2445 389 2484 voci
415 2447 600 2498 subjicere
632 2447 829 2498 praeconis.
888 2446 943 2484 At
972 2446 1033 2483 ille
1064 2446 1236 2487 Graecus,
1267 2443 1304 2480 id
1332 2442 1435 2493 quod
