1674 2754
185 211 259 246 122
731 219 782 244 nn
802 218 970 244 ormcns

251 305 556 357 suppeditantem
580 305 806 357 voluptates,
832 304 1083 356 depellentem
1110 303 1268 342 dolores.
1323 302 1525 342 Fortitudi-

250 378 337 403 nem
355 378 506 416 quoque
524 365 648 415 aliquo
671 364 786 402 modo
812 364 1025 414 expediunt,
1048 377 1135 401 cum
1162 363 1328 408 tradunt,
1348 364 1528 401 rationem

184 429 231 463 13
251 425 491 476 negligendae
522 425 652 462 mortis
686 423 994 475 perpetiendique
1027 423 1174 461 doloris.
1229 423 1353 460 Etiam
1385 429 1528 474 tempe·

251 485 410 523 rantiam
436 485 629 528 inducunt,
650 497 725 521 non
752 483 925 520 facillime
944 483 995 520 illi
1014 482 1177 533 quidem,
1197 482 1264 519 sed
1292 472 1418 520 tamen
1437 496 1528 533 quo-

251 557 327 595 quo
345 544 458 582 modo
484 548 652 595 possunt.
708 543 848 580 Dicunt
876 542 984 587 enim,
1004 542 1207 592 voluptatis
1234 542 1528 592 magnitudinem

252 604 390 642 doloris
410 604 640 642 detractione
668 603 772 640 finiri.
827 602 980 641 Justitia
998 602 1159 645 vacillat,
1179 601 1239 639 vel
1262 601 1365 652 jacet
1392 602 1528 652 potius,

251 675 455 714 omnesque
487 676 542 701 eae
572 663 741 706 virtutes,
775 674 860 712 quae
892 662 929 699 in
961 661 1226 699 communitate
1259 665 1462 698 cernuntur
1493 665 1529 698 et

186 725 232 759 14
251 722 288 760 in
307 723 486 761 societate
512 722 658 773 generis
683 721 847 759 humani.
902 721 1038 771 Neque
1057 721 1154 758 enim
1173 720 1332 764 bonitas,
1353 732 1421 757 nec
1440 720 1529 758 libe-

250 782 389 825 ralitas,
418 794 486 819 nec
520 782 676 819 comitas
708 794 789 819 esse
821 785 958 831 potest,
991 793 1066 818 non
1098 780 1184 831 plus
1212 792 1325 830 quam
1357 779 1530 823 amicitia,

251 841 281 878 si
310 842 396 879 haec
423 854 498 878 non
525 853 593 891 per
620 853 660 878 se
688 844 924 891 expetantur,
954 839 1022 877 sed
1054 839 1103 876 ad
1131 840 1365 890 voluptatem
1393 839 1531 876 utilita-

183 903 231 938 15
251 905 375 937 temve
407 900 628 939 referantur.
684 899 930 937 Conferamus
962 899 1076 950 igitur
1107 899 1144 936 in
1173 912 1306 950 pauca.
1361 899 1463 936 Nam
1488 903 1532 936 ut

251 959 451 998 utilitatem
478 959 620 997 nullam
647 971 728 996 esse
757 959 963 1003 docuimus,
993 971 1078 1008 quae
1104 958 1292 996 honestati
1319 963 1418 996 esset
1445 971 1531 996 con-

251 1019 376 1063 traria,
407 1019 459 1056 sic
493 1032 642 1056 omnem
668 1018 904 1069 voluptatem
932 1018 1089 1055 dicimus
1116 1018 1306 1055 honestati
1333 1030 1415 1055 esse
1444 1030 1531 1056 con-

183 1082 230 1116 16
251 1078 413 1116 trariam.
471 1079 556 1124 Quo
575 1078 697 1130 magis
716 1078 1044 1129 reprehendendos
1065 1078 1326 1129 Calliphonem
1351 1083 1390 1115 et
1417 1077 1531 1115 Dino-

251 1139 428 1176 machum
457 1138 597 1189 judico,
631 1138 695 1188 qui
727 1150 767 1174 se
801 1137 1054 1188 dirempturos
1091 1137 1380 1175 controversiam
1417 1142 1527 1188 puta·

251 1203 397 1242 verunt,
418 1197 449 1235 si
474 1211 561 1235 cum
578 1198 775 1235 honestate
797 1197 1042 1247 voluptatem,
1063 1202 1257 1247 tamquam
1278 1211 1363 1235 cum
1382 1197 1530 1234 homine

182 1257 229 1296 17
250 1257 447 1308 pecudem,
475 1257 761 1307 copulavissent.
817 1256 904 1293 Non
931 1254 1064 1306 recipit
1091 1257 1202 1294 istam
1229 1256 1530 1307 conjunctionem

249 1317 450 1360 honestas;
479 1320 711 1367 aspernatur,
731 1315 889 1366 repellit.
946 1315 1027 1352 Nec
1046 1328 1135 1353 vero
1163 1316 1453 1353 finis'bonorum
1475 1315 1531 1367 [et

247 1374 463 1427 malorum],
498 1375 562 1426 qui
594 1375 752 1426 simplex
784 1387 866 1412 esse
899 1375 1024 1419 debet,
1054 1388 1100 1412 ex
1132 1375 1383 1413 dissimillimis
1416 1376 1530 1413 rebus

181 1440 229 1474 18
249 1436 395 1474 misceri
428 1440 466 1472 et
497 1435 700 1485 temperari
737 1439 874 1484 potest.
931 1433 1008 1470 Sed
1046 1434 1094 1471 de
1131 1435 1204 1472 hoc
1243 1436 1395 1486 (magna
1431 1435 1529 1472 enim

180 1499 228 1533 19
248 1508 307 1532 res
330 1494 403 1546 est)
424 1494 496 1532 alio
523 1494 605 1531 loco
632 1494 813 1544 pluribus.
869 1493 980 1530 Nunc
1008 1493 1057 1530 ad
1085 1493 1333 1544 propositum.
1391 1494 1528 1539 Quem-

247 1554 453 1592 admodum
484 1553 609 1604 igitur,
645 1553 675 1590 si
706 1553 858 1603 quando
891 1565 946 1595 ea,
981 1565 1067 1603 quae
1099 1553 1249 1590 videtur
1281 1553 1431 1597 utilitas,
1461 1553 1528 1591 ho-

245 1613 383 1651 nestati
418 1618 619 1664 repugnat,
649 1613 890 1663 dijudicanda
925 1627 985 1651 res
1023 1614 1081 1657 sit,
1111 1613 1200 1650 satis
1228 1618 1287 1650 est
1313 1626 1427 1663 supra
1455 1613 1528 1651 dis-

178 1677 227 1711 20
248 1678 435 1724 putatum.
491 1672 557 1710 Sin
584 1677 711 1710 autem
739 1673 902 1723 speciem
929 1673 1098 1711 utilitatis
1126 1673 1238 1710 etiam
1258 1672 1433 1723 voluptas
1460 1673 1528 1710 ha-

246 1734 335 1771 bere
354 1733 509 1776 dicetur,
529 1732 633 1769 nulla
660 1737 790 1783 potest
817 1745 899 1770 esse
924 1733 958 1770 ei
983 1746 1068 1770 cum
1087 1732 1284 1770 honestate
1304 1732 1526 1783 conjunctio.

176 1797 225 1831 21
248 1792 348 1830 Nam
379 1797 424 1830 ut
456 1792 665 1829 tn'buamus
703 1791 844 1842 aliquid
875 1792 1072 1842 voluptati,
1107 1791 1332 1830 condimenti
1367 1793 1527 1830 fortasse

245 1851 424 1896 nonnihil,
443 1850 612 1888 utilitatis
632 1856 733 1889 certe
752 1851 844 1890 nihil
863 1851 1026 1889 habebit.

179 1974 226 2008 22
299 1970 430 2008 Habes
458 1982 480 2006 a
507 1974 615 2020 patre
642 1982 791 2013 munus,
813 1969 939 2008 Marce
967 1970 1028 2015 fili,
1049 1982 1135 2007 mea
1159 1969 1313 2020 quidem
1341 1970 1526 2008 sententia

247 2042 453 2080 magnum;
491 2029 559 2067 sed
590 2029 744 2080 perinde
776 2029 856 2073 erit,
885 2034 929 2067 ut
961 2029 1160 2080 acceperis.
1216 2029 1455 2079 Quamquam
1486 2030 1526 2069 hi

245 2088 314 2126 tibi
344 2093 421 2125 tres
453 2088 536 2126 libri
567 2089 664 2126 inter
696 2088 868 2138 Cratippi
900 2088 1185 2126 commentan'os
1214 2093 1408 2138 tamquam
1437 2089 1524 2127 hos-

178 2151 226 2185 23
247 2148 344 2198 pites
376 2152 485 2185 erunt
511 2147 723 2198 recipiendi.
779 2147 857 2184 Sed
883 2152 937 2191 ut,
967 2148 997 2185 si
1025 2148 1105 2198 ipse
1132 2148 1316 2185 venissem
1334 2148 1522 2194 Athenas,

249 2206 368 2257 (quod
397 2206 547 2257 quidem
578 2211 676 2244 esset
708 2206 862 2251 factum,
896 2207 966 2244 nisi
996 2220 1056 2244 me
1084 2220 1105 2244 e
1132 2207 1256 2244 medio
1284 2221 1397 2245 cursu
1424 2208 1524 2246 clara

246 2278 339 2303 voce
367 2266 488 2316 patria
513 2264 753 2316 revocasset‚)
775 2266 975 2316 aliquando
1003 2279 1063 2304 me
1083 2279 1232 2317 quoque
1257 2267 1429 2304 audires:
1458 2268 1522 2312 sic,

245 2325 421 2375 quoniam
438 2325 496 2362 his
514 2325 763 2363 voluminibus
782 2325 831 2362 ad
849 2330 888 2362 te
907 2326 1077 2376 profecta
1095 2339 1168 2363 vox
1187 2331 1246 2364 est
1263 2339 1359 2371 mea,
1379 2327 1522 2364 tribues

244 2383 303 2420 his
340 2384 520 2434 temporis
557 2389 739 2434 quantum
776 2385 941 2434 poteris:
984 2386 1124 2436 poteris
1160 2391 1299 2431 autem,
1337 2391 1521 2437 quantum

176 2444 226 2479 24
245 2442 358 2481 voles.
415 2443 514 2481 Cum
541 2456 630 2481 vero
657 2443 885 2489 intellexero,
905 2449 944 2482 te
970 2445 1043 2483 hoc
1071 2445 1234 2484 scientiae
1263 2458 1400 2497 genere
1426 2458 1519 2497 gau-
