1674 2754
634 202 745 226 LIBER
765 202 804 226 11.
862 202 950 226 CAP.
971 201 1030 225 xx.
1456 187 1505 226 79

154 289 306 334 debent,
319 292 386 326 aut
405 301 480 333 eos,
495 301 589 340 quos
608 301 683 325 non
701 287 854 338 expedit
870 299 877 324 ε
907 287 938 324 si
955 286 1226 337 imprudentes
1242 286 1435 338 negligen-

154 349 217 386 t-iae
238 353 296 386 est
308 362 317 392 ;
346 349 376 386 si
395 349 564 393 scientes,
580 348 810 386 temeritatis.
866 345 1062 384 Utendum
1083 346 1195 383 etiam
1210 351 1267 383 est
1282 359 1436 384 excusa-
1458 349 1506 383 14

154 408 252 446 tione
271 409 452 446 adversus
472 421 547 453 eos,
569 421 662 459 quos
690 407 827 445 invitus
847 407 1027 450 offendas,
1049 418 1275 457 quacunque
1303 406 1435 456 possis,

153 481 269 519 quare
287 468 337 513 id,
354 469 459 519 quod
476 469 619 512 feceris,
636 480 790 505 necesse
808 467 933 511 fuerit,
948 479 1017 504 nec
1037 466 1144 503 aliter
1162 466 1286 503 facere
1307 470 1439 516 potue-

152 528 224 566 ris:
255 528 462 580 ceterisque
490 529 612 580 operis
641 532 680 566 et
707 527 834 566 officiis
863 527 932 565 erit
959 526 1010 571 id,
1033 526 1137 577 quod
1155 525 1336 564 violatum
1368 529 1438 569 est,

154 588 487 639 compensandum.
716 593 722 596 ’

204 708 288 746 XX.
318 708 396 746 Sed
412 721 499 746 cum
513 708 551 745 in
565 707 777 745 hominibus
793 707 968 758 juvandis
981 711 1047 744 aut
1060 719 1182 746 mores
1198 705 1360 758 spectari
1375 709 1442 742 aut

153 768 305 806 fortuna
332 768 473 806 soleat:
504 768 609 805 dictu
627 767 781 818 quidem
808 772 866 805 est
894 767 1070 818 proclive,
1091 767 1217 817 itaque
1238 766 1354 817 vulgo
1382 765 1437 803 lo-

153 832 330 878 quuntur,
351 841 390 865 se
420 828 458 865 in
487 828 674 866 beneficiis
705 828 933 865 collocandis
965 841 1088 865 mores
1124 826 1332 870 hominum,
1361 839 1438 863 non

152 888 342 926 fortunam
369 888 485 938 sequi.
542 888 714 925 Honesta
733 887 851 924 oratio
871 892 939 925 est.
996 887 1074 925 Sed
1093 887 1176 937 quis
1196 891 1254 923 est
1274 886 1439 930 tandem,
1461 889 1483 923 2

153 948 218 998 qui
253 948 373 998 inopis
407 953 446 985 et
483 948 615 998 optimi
647 947 715 985 viri
743 959 868 984 causae
903 960 978 984 non
1016 952 1232 998 anteponat,
1261 946 1298 983 in
1327 958 1444 996 opera

154 1007 291 1051 danda,
308 1007 469 1059 gratiam
484 1008 665 1045 fortunati
680 1012 718 1044 et
733 1007 895 1058 potentis
912 1008 928 1044 ἱ)
971 1007 1010 1044 A
1025 1020 1100 1057 quo
1121 1007 1219 1044 enim
1233 1006 1443 1057 expeditior
1461 1011 1484 1043 3

155 1072 196 1104 etr
213 1068 368 1105 celerior
386 1068 636 1104 remuneratio
656 1068 734 1104 fore
751 1068 910 1111 videtur,
927 1067 964 1104 in
984 1080 1071 1104 eum
1091 1067 1169 1103 fere
1190 1071 1248 1103 est
1266 1066 1442 1103 voluntas

153 1131 280 1164 nostra
293 1127 524 1178 propensior.
555 1127 631 1165 Sed
645 1127 1020 1164 animadvertendum
1036 1131 1094 1164 est
1109 1126 1337 1177 diligentius,
1355 1139 1440 1176 quae
1463 1129 1486 1163 4

153 1191 287 1224 natura
318 1200 444 1224 rerum
475 1187 533 1224 sit.
591 1187 780 1224 Nimirum
813 1186 911 1223 enim
945 1187 1053 1237 inops
1084 1186 1156 1230 ille,
1178 1186 1208 1223 si
1236 1186 1357 1223 bonus
1386 1191 1444 1223 est

153 1246 219 1291 vir,
240 1247 386 1284 etiamsi
405 1247 544 1284 referre
571 1246 733 1297 gratiam
761 1259 835 1283 non
863 1251 1000 1297 potest,
1021 1247 1162 1284 habere
1182 1251 1283 1283 certe
1304 1250 1442 1296 potest.

154 1307 362 1344 Commode
383 1311 522 1351 autem,
537 1307 749 1357 quicunque
770 1306 873 1351 dixit,
897 1307 1096 1357 pecuniam
1117 1306 1181 1356 qui
1199 1306 1349 1350 habeat,
1370 1319 1445 1343 non
1464 1311 1486 1344 5

153 1366 362 1404 reddidisse
375 1379 384 1412 ;
414 1367 479 1417 qui
498 1366 712 1410 reddiderit,
726 1379 802 1404 non
816 1367 978 1404 habere:
1008 1366 1172 1417 gratiam
1185 1371 1312 1403 autem
1327 1371 1366 1403 et
1380 1366 1444 1417 qui

154 1427 331 1470 retulerit,
356 1427 497 1464 habere
513 1439 522 1470 3
551 1431 590 1464 et
615 1426 679 1477 qui
698 1427 848 1470 habeat,
868 1427 1052 1464 retulisse.
1110 1427 1177 1470 At,
1199 1427 1263 1476 qui
1282 1439 1322 1463 se
1341 1427 1446 1464 locu-
1465 1430 1487 1463 6

155 1486 291 1537 pletes,
312 1487 529 1530 honoratos,
550 1487 683 1524 beatos
703 1490 852 1536 putant,
872 1486 896 1523 ii
914 1499 961 1523 ne
980 1486 1139 1537 obligari
1159 1486 1312 1536 quidem
1331 1486 1444 1524 bene·

154 1546 239 1584 ficio
258 1546 412 1590 volunt;
442 1546 531 1596 quin
561 1546 675 1583 etiam
705 1546 928 1583 beneficium
956 1559 996 1583 se
1025 1546 1174 1582 dedisse
1202 1545 1443 1591 arbitrantur,

157 1619 244 1643 cum
265 1606 337 1657 ipsi
357 1606 527 1657 quamvis
545 1618 727 1657 magnum
755 1605 908 1656 aliquod
935 1605 1170 1656 acceperint;
1199 1610 1313 1656 atque
1333 1606 1446 1644 etiam

159 1679 182 1703 a
201 1678 242 1704 se
261 1671 328 1703 aut
347 1666 530 1717 postulari
558 1670 624 1702 aut
651 1666 843 1716 expectari
870 1665 1011 1715 aliquid
1030 1665 1290 1715 suspicantur:
1320 1670 1446 1716 patro-

157 1726 253 1764 cinio
271 1719 361 1764 ‘vero
381 1738 421 1764 se
440 1739 528 1764 usos
549 1730 616 1763 aut
636 1725 788 1763 clientes
803 1725 997 1776 appellari,
1014 1725 1143 1762 mortis
1162 1725 1279 1762 instar
1298 1730 1444 1776 putant.

157 1786 215 1824 At
233 1799 322 1824 vero
350 1786 411 1824 ille
438 1786 573 1830 tenuis,
596 1798 693 1830 cum,
715 1785 894 1836 quicquid
914 1785 1058 1822 factum
1078 1785 1137 1829 sit,
1158 1797 1198 1822 se
1218 1790 1445 1836 spectatum,
1468 1790 1488 1824 7

157 1859 233 1884 non
246 1847 438 1884 fortunam
453 1850 574 1897 putat,
589 1858 664 1883 non
682 1845 798 1883 modo
818 1845 881 1890 illi,
899 1845 963 1895 qui
983 1849 1042 1882 est
1057 1845 1228 1889 meritus,
1247 1844 1314 1883 sed
1334 1845 1449 1883 etiam
1498 1844 1500 1846 ’

156 1906 239 1951 illis,
260 1919 282 1944 a
301 1907 438 1957 quibus
466 1910 644 1958 expectat
665 1904 769 1958 (eget
796 1906 895 1945 enim
923 1904 1071 1955 multis)
1091 1910 1244 1956 gratum
1271 1918 1311 1943 se
1331 1905 1448 1943 viden'

159 1966 310 2005 studet:
339 1979 462 2017 neque
480 1979 570 2004 vero
589 1966 712 2004 verbis
746 1974 862 2017 auget
889 1979 1001 2003 suum
1028 1979 1178 2010 munuS‚
1199 1965 1229 2002 si
1248 1978 1322 2016 quo
1350 1966 1447 2003 forte

156 2027 335 2078 fungitur,
349 2027 418 2064 sed
437 2027 550 2064 etiam
569 2031 760 2065 extenuat.
817 2026 1111 2076 Videndumque
1131 2025 1224 2063 illud
1244 2031 1314 2070 est,
1329 2026 1445 2076 quod,
1468 2030 1489 2063 8

158 2086 189 2124 si
207 2087 428 2137 opulentum
456 2087 766 2137 fortunatumque
786 2086 1012 2130 defenderis,
1032 2086 1071 2123 in
1089 2099 1165 2124 uno
1182 2086 1246 2123 illo
1262 2091 1332 2124 aut
1350 2087 1448 2124 forte

164 2146 201 2184 in
221 2146 346 2184 liberis
376 2147 457 2198 ejus
485 2152 613 2184 manet
631 2147 775 2198 g1·atia;
805 2146 860 2183 sin
880 2150 1008 2183 autem
1028 2146 1188 2197 inopem,
1210 2147 1373 2197 probum
1393 2151 1447 2183 ta-

163 2218 250 2244 men
269 2211 307 2243 ct
325 2207 552 2251 modestum,
576 2202 705 2244 omnes
725 2220 799 2244 non
818 2206 979 2257 improbi
998 2206 1160 2244 humiles
1189 2206 1292 2256 (quae
1311 2218 1450 2258 magna

162 2266 199 2304 in
231 2266 373 2316 populo
407 2267 610 2304 multitudo
644 2266 718 2319 est)
758 2267 979 2318 praesidium
1007 2266 1076 2304 sibi
1104 2271 1279 2317 paratum
1307 2266 1447 2303 vident.

161 2326 418 2371 Quamobrem
444 2327 576 2364 melius
604 2327 708 2378 apud
735 2328 864 2371 bonos,
886 2339 1000 2377 quam
1019 2326 1123 2377 apud
1142 2327 1363 2369 fortunatos,
1385 2325 1448 2363 be·
1470 2329 1492 2363 9

160 2385 336 2423 neficium
355 2386 529 2424 collocari
547 2392 653 2438 puto.
710 2387 848 2425 Danda
876 2386 1027 2424 omnino
1055 2398 1170 2436 opera
1198 2389 1267 2429 est,
1288 2390 1331 2422 ut
1350 2385 1450 2423 omni
1471 2388 1519 2423 10

160 2445 290 2498 generi
308 2445 398 2483 satis
427 2445 550 2484 facere
578 2447 765 2498 possimus
781 2459 789 2484 z
819 2446 886 2484 sed
905 2446 937 2484 si
956 2459 1016 2484 res
1035 2445 1072 2482 in
1092 2445 1368 2483 contentionem
1385 2457 1449 2484 ve·
