1674 2754
604 203 717 229 unna
744 203 785 229 11.
841 202 930 229 GAP.
959 204 995 228 x,
1421 193 1472 229 67

116 298 156 332 et
184 292 309 344 specie
338 304 408 329 sua
435 295 658 335 commovet,
678 289 914 340 maximeque
941 288 1048 340 quasi
1076 288 1246 340 perlucet
1265 303 1310 327 ex
1338 289 1402 334 cis,

116 366 210 404 quas
239 351 540 396 commemoravi,
569 351 794 389 virtutibus:
824 349 963 388 idcirco
992 349 1086 393 illos,
1116 349 1154 386 in
1181 349 1316 399 quibus
1345 362 1409 386 eas

116 413 274 451 virtutes
293 425 376 450 esse
394 424 531 455 remur,
553 424 575 448 a
593 416 729 449 natura
756 411 838 462 ipsa
860 407 1016 461 diligere
1036 409 1216 460 cogimur.
1275 409 1404 458 Atque
1426 409 1446 448 7

116 474 178 512 hae
209 473 362 524 quidem
391 484 516 510 causae
546 471 725 523 diligendi
744 470 999 523 gravissimae:
1029 474 1189 521 possunt
1208 468 1306 506 enim
1325 481 1422 519 prce-

116 538 220 572 terea
237 533 429 571 nonnullae
449 545 532 570 esse
550 532 720 570 leviores.

168 639 200 676 F
212 639 262 677 id
275 652 326 677 es
354 643 482 676 autem
508 642 552 676 ut
578 638 775 682 habeatur,
796 637 944 675 duabus
970 637 1083 675 rebus
1103 636 1199 674 effici
1218 638 1356 687 potest,
1378 634 1408 672 si
1429 639 1451 673 8

117 699 413 738 existimabimur
440 698 571 749 adepti
598 698 840 749 conjunctam
869 711 955 735 cum
980 697 1127 748 justitia
1155 695 1406 748 prudentiam.

117 759 219 798 Nam
238 764 276 797 et
294 759 337 797 iis
356 759 471 796 fidem
490 759 688 803 habemus,
710 771 805 808 quos
835 758 922 809 plus
951 758 1171 809 intelligere,
1193 769 1309 808 quam
1326 769 1406 800 nOS,
1429 759 1450 793 9

117 819 353 864 arbitramur,
374 831 544 870 quosque
573 823 612 856 et
640 819 769 856 futura
799 818 1013 869 prospicere
1044 818 1244 861 credimus,
1264 821 1303 854 et
1323 829 1408 854 cum

117 892 178 918 res
197 884 335 931 agatur
353 879 391 917 in
410 879 684 929 discrimenque
702 883 858 916 ventum
886 879 945 922 sit,
967 878 1145 929 expedire
1164 891 1244 915 rem
1263 881 1302 914 et
1321 889 1408 913 con-

119 939 241 978 silium
256 952 303 977 ex
317 944 491 990 tempore
507 951 642 990 capere
663 951 786 990 posse.
843 938 953 976 Hanc
973 939 1071 976 enim
1091 938 1222 976 utilem
1240 937 1409 976 homines

119 1000 332 1037 existimant
351 1011 555 1050 veramque
575 999 826 1049 prudentiam.
884 999 909 1037 J
912 999 1005 1036 ustis
1034 1003 1162 1036 autem
1181 1002 1219 1035 et
1239 997 1322 1034 fidis
1341 997 1408 1034 ho-
1431 1000 1479 1033 10

118 1060 292 1104 minibuS,
305 1059 344 1097 id
364 1064 422 1096 est
441 1059 548 1097 bonis
563 1059 661 1103 viris,
674 1059 727 1096 ita
746 1059 839 1096 fides
859 1059 1033 1102 habetur,
1054 1063 1098 1095 ut
1117 1058 1220 1095 nulla
1240 1058 1287 1094 sit
1301 1057 1338 1094 in
1352 1056 1410 1094 his

118 1119 261 1158 fraudis
279 1119 503 1170 injuriaeque
522 1119 697 1169 suspicio.
744 1119 879 1169 Itaque
899 1119 958 1155 his
978 1118 1138 1156 salutem
1157 1122 1336 1161 nostram,
1353 1116 1411 1154 his

118 1179 299 1224 fortunas,
312 1180 371 1216 his
389 1179 537 1222 liberos,
551 1179 755 1216 rectissime
775 1178 958 1216 committi
977 1179 1213 1216 arbitramur.
1262 1178 1410 1215 Harum
1433 1180 1477 1214 11

118 1240 234 1292 igitur
249 1239 409 1277 duarum
425 1239 474 1276 ad
489 1238 604 1276 fidem
618 1238 830 1276 faciendam
847 1238 992 1289 justitia
1006 1239 1093 1289 plus
1109 1239 1249 1289 pollet:
1270 1238 1410 1289 quippe

119 1314 206 1339 cum
238 1313 284 1338 ea
315 1300 394 1338 sine
422 1299 624 1352 prudentia
651 1298 741 1336 satis
768 1299 909 1337 habeat
936 1299 1181 1344 auctoritatis,
1211 1298 1411 1350 prudentia

119 1361 198 1399 sine
213 1360 359 1412 justitia
377 1359 470 1397 nihil
488 1359 613 1397 valeat
631 1359 682 1397 ad
700 1359 911 1397 faciendam
931 1359 1057 1398 fidem.
1106 1360 1191 1405 Quo
1210 1358 1309 1397 enim
1329 1358 1411 1410 quis
1434 1362 1480 1396 12

119 1420 306 1460 versutior
325 1424 364 1458 et
383 1419 554 1458 callidior
581 1423 650 1464 est,
672 1419 744 1458 hoc
772 1419 923 1457 invisior
942 1425 981 1458 et
999 1419 1218 1471 suspectior,
1241 1420 1412 1457 detracta

120 1481 292 1533 opinione
312 1480 520 1532 probitatis.
578 1480 702 1524 Quam
717 1480 766 1517 ob
786 1492 866 1517 rem
886 1480 1143 1532 intelligentiae
1158 1480 1306 1530 justitia
1325 1492 1411 1517 con-
1434 1483 1482 1517 13

117 1541 264 1592 juncta,
283 1544 468 1591 quantum
488 1539 602 1584 volet,
623 1539 779 1577 habebit
804 1539 853 1577 ad
881 1540 1093 1577 faciendam
1119 1540 1234 1577 fidem
1254 1539 1385 1577 virium
1402 1552 1412 1584 ;

117 1600 265 1652 justitia
283 1600 362 1638 sine
381 1599 582 1651 prudentia
601 1599 763 1637 multum
792 1599 954 1651 poterit;
983 1600 1061 1637 sine
1077 1599 1222 1651 justitia
1241 1598 1332 1637 nihil
1350 1611 1413 1638 va-

121 1660 214 1699 lebit
233 1659 446 1712 prudentia.

173 1766 221 1804 X.
242 1765 320 1804 Sed
338 1778 385 1803 ne
404 1765 487 1816 quis
507 1765 554 1803 sit
572 1765 790 1810 admiratus,
812 1778 889 1810 cur,
912 1778 998 1803 cum
1025 1764 1121 1802 inter
1146 1778 1274 1803 omncs
1293 1764 1415 1816 philo-

121 1826 262 1878 sophos
281 1830 438 1871 constet,
460 1838 483 1863 a
502 1838 638 1877 meque
657 1826 740 1877 ipso
761 1839 863 1877 saepe
884 1825 1121 1877 disputatum
1142 1826 1201 1871 sit,
1217 1825 1281 1877 qui
1300 1838 1415 1863 unam

121 1887 289 1932 haberet,
303 1899 434 1924 omnes
452 1886 594 1924 habere
607 1886 778 1931 virtutes,
792 1900 890 1924 nunc
907 1886 959 1924 ita
979 1886 1189 1938 sejungam,
1204 1886 1310 1937 quasi
1329 1898 1414 1937 pos-

121 1946 171 1986 sit
188 1947 399 1998 quisquam,
420 1946 484 1997 qui
502 1959 578 1984 non
596 1945 697 1984 idem
716 1946 884 1998 prudens
903 1947 961 1991 sit,
979 1946 1106 1997 justus
1130 1959 1236 1984 csse:
1266 1946 1338 1983 alia
1357 1950 1416 1984 cst

121 2007 196 2053 illa,
217 2020 304 2046 cum
321 2007 459 2045 veritas
477 2007 561 2058 ipsa
579 2006 731 2044 limatur
749 2006 787 2044 in
807 2006 1072 2058 disputatione,
1094 2007 1303 2051 subtilitas;
1332 2006 1415 2052 alia,
1437 2010 1459 2044 2

123 2081 211 2106 cum
230 2067 280 2105 ad
298 2067 510 2119 opinionem
530 2080 770 2105 communem
799 2067 919 2105 omnis
949 2067 1258 2105 accommodatur
1285 2067 1414 2118 oratio.

124 2127 248 2173 Quam
267 2127 316 2166 ob
334 2140 426 2172 rem,
448 2131 492 2165 ut
511 2127 662 2179 vulgus,
682 2127 735 2165 ita
752 2141 821 2166 nos
840 2128 913 2166 hoc
941 2127 1026 2165 loco
1045 2127 1244 2178 loquimur,
1268 2132 1307 2165 ut
1325 2127 1417 2165 alios
1438 2132 1460 2164 3

123 2188 251 2232 fortes,
267 2187 358 2225 alios
372 2187 471 2225 viros
487 2188 616 2232 bonos,
634 2188 724 2225 alios
744 2187 952 2239 prudentes
967 2201 1049 2225 esse
1069 2188 1251 2226 dicamus.
1293 2188 1421 2238 Popu-
1438 2190 1461 2224 4

123 2247 265 2286 laribus
295 2247 394 2285 enim
412 2247 536 2286 verbis
563 2253 622 2286 est
650 2248 853 2300 agendum,
876 2253 915 2286 ct
933 2248 1091 2293 usitatis,
1113 2261 1200 2286 cum
1219 2248 1419 2298 loquamur

124 2307 173 2346 de
191 2307 364 2359 opinione
385 2307 570 2358 populari,
587 2307 699 2359 idque
715 2308 849 2346 eodem
865 2308 980 2346 modo
996 2308 1085 2346 fecit
1099 2308 1302 2345 Panaetius.
1342 2306 1419 2344 Sed

124 2367 176 2406 ad
193 2367 430 2420 propositum
448 2372 694 2406 revertamur.

177 2457 272 2496 Erat
302 2456 420 2509 igitur
451 2469 498 2494 ex
530 2457 662 2502 tribus,
696 2470 783 2508 quae
814 2457 865 2496 ad
892 2456 1051 2509 gloriam
1079 2455 1318 2507 pertinerent,
1346 2454 1419 2494 hoc
1438 2459 1464 2495 5
