1674 2754
761 179 810 212 86

504 520 712 568 LIBER
748 518 1056 568 TERTIUS.

233 749 266 787 Ι.
294 749 476 787 Pomm
495 749 728 794 Selmoxmi,
750 751 877 788 Marce
904 750 966 794 fili,
987 762 1084 793 eum,
1105 749 1169 800 qui
1196 749 1338 799 primus
1357 747 1458 787 Afri-

181 821 297 845 canus
311 809 525 858 appellatus
535 813 603 853 est,
617 809 739 847 dicere
758 810 907 847 solitum
923 809 1070 859 scripsit
1087 810 1194 852 Cato,
1213 809 1275 859 qui
1293 809 1364 846 fuit
1381 808 1459 846 fere

181 868 262 918 ejus
283 867 446 917 aequaHS,
458 868 671 916 Nunquam
689 882 723 905 se
734 871 857 906 minus
871 870 1026 905 otiosum
1037 881 1115 912 esse,
1131 881 1243 916 quam
1262 879 1346 903 cum
1370 867 1459 904 otio-

139 931 160 965 2
182 938 326 971 8α3,ηεσ
335 928 460 964 minus
468 928 600 972 solum,
616 940 730 977 quam
741 929 933 965 cumsolus
941 934 1037 965 esset.
1078 928 1277 978 Magnifica
1288 940 1376 964 vero
1388 939 1459 964 vox
1476 928 1478 930 ’

180 991 219 1023 et
234 998 371 1037 magno
385 987 462 1024 viro
479 999 520 1024 ac
534 988 700 1037 sapiente
717 988 850 1039 digna:
872 1000 956 1038 quae
971 987 1148 1031 declarat,
1163 987 1268 1024 illum
1283 987 1372 1024 etin
1385 986 1460 1024 otio

180 1046 228 1083 de
246 1046 404 1097 negotiis
425 1047 588 1097 cogitare
609 1053 646 1085 et
665 1048 702 1085 in
721 1048 919 1085 solitudine
940 1060 1067 1084 secum
1095 1047 1195 1096 loqui
1215 1047 1364 1084 solitum
1380 1059 1388 1091 ;
1417 1051 1461 1084 ut

180 1118 301 1156 neque
322 1111 485 1143 cessaret
503 1120 680 1156 unquam,
703 1113 740 1144 et
772 1107 961 1144 interdum
991 1107 1174 1156 colloquio
1204 1106 1356 1143 alterius
1383 1119 1459 1143 non

182 1170 320 1216 egeret.
378 1166 511 1215 Itaque
531 1166 618 1202 duae
637 1180 707 1210 res,
729 1179 814 1217 quae
832 1167 1054 1216 languorem
1073 1166 1234 1202 afferunt
1253 1165 1396 1210 ceteris,
1417 1165 1458 1202 il-

137 1229 163 1262 3⁷
180 1224 259 1262 lum
278 1225 474 1268 acuebant,
492 1225 608 1262 otium
629 1231 666 1263 et
686 1225 858 1263 solitudo.
906 1225 1054 1262 Vellem
1074 1225 1180 1262 nobis
1200 1225 1271 1262 hoc
1290 1225 1391 1262 idem
1405 1225 1458 1262 di-

181 1297 265 1322 cere
284 1284 434 1322 liceret:
465 1284 532 1322 sed
552 1285 582 1322 si
600 1286 721 1322 minus
741 1285 944 1322 imitatione
963 1289 1108 1322 tantam
1125 1284 1260 1335 ingenii
1279 1289 1458 1334 praestan-

181 1344 272 1381 tiam
293 1345 469 1394 consequi
488 1357 698 1395 possumus,
713 1345 904 1382 voluntate
925 1349 1024 1382 certe
1045 1344 1212 1395 proxime
1232 1343 1457 1382 accedimus.

137 1408 160 1440 4
181 1404 282 1441 Nam
310 1409 348 1441 et
375 1416 397 1440 a
425 1417 465 1441 re
493 1404 643 1454 publica
661 1405 942 1454 forensibusque
962 1404 1120 1455 negotiis
1139 1403 1248 1440 armis
1266 1404 1388 1454 impiis
1407 1404 1458 1441 vi-

181 1475 253 1513 que
282 1463 468 1513 prohibiti,
491 1464 607 1500 otium
636 1464 914 1514 persequimur:
945 1469 983 1501 et
1003 1464 1051 1500 ob
1071 1476 1155 1500 eam
1183 1475 1345 1507 causam,
1366 1463 1458 1501 urbe

138 1529 160 1561 5
180 1523 321 1566 relicta,
350 1535 437 1559 rura
470 1529 724 1573 peragrantes,
759 1535 861 1574 saepe
889 1523 958 1560 soli
989 1535 1130 1560 sumus.
1187 1521 1265 1559 Sed
1291 1535 1360 1560 nec
1387 1522 1459 1560 hoc

179 1582 296 1620 otium
316 1595 402 1619 cum
421 1582 590 1620 Africani
609 1583 694 1626 otio,
715 1595 784 1620 nec
811 1584 894 1620 haec
922 1583 1085 1620 solitudo
1114 1595 1200 1619 cum
1227 1582 1290 1619 illa
1309 1595 1458 1633 compa-

136 1646 158 1680 6
180 1642 296 1679 randa
316 1646 384 1679 est.
441 1642 509 1679 Ille
530 1642 627 1680 enim
646 1643 881 1693 requiescens
901 1655 923 1679 a
942 1643 994 1680 rei
1013 1643 1174 1693 publicae
1202 1642 1460 1693 pulcherdmis

180 1702 397 1739 muneribus
425 1702 543 1739 otium
571 1702 639 1739 sibi
667 1703 840 1740 sumebat
859 1703 1072 1753 aliquando,
1093 1708 1131 1739 et
1161 1715 1183 1738 a
1211 1706 1315 1739 coetu
1341 1702 1458 1740 homi-

179 1774 268 1798 num
295 1761 578 1811 frequentiaque
597 1762 797 1806 interdum,
818 1767 1012 1812 tamquam
1039 1762 1075 1798 in
1104 1766 1265 1811 portum,
1287 1774 1327 1798 se
1345 1762 1383 1799 in
1400 1774 1458 1799 so-

137 1820 158 1859 7
180 1820 373 1857 litudinem
392 1820 606 1870 recipiebat.
663 1821 847 1858 Nostrum
866 1826 993 1858 autem
1021 1821 1138 1858 otium
1165 1821 1304 1871 negotii
1322 1821 1456 1871 inopia,

180 1893 255 1917 non
272 1880 529 1929 requiescendi
548 1880 683 1924 studio,
704 1881 948 1918 constitutum
967 1876 1035 1917 est.
1090 1879 1266 1917 Extincto
1286 1880 1383 1917 enim
1401 1893 1455 1917 se-

182 1944 276 1977 natu
302 1939 509 1989 deletisque
534 1939 694 1990 judiciis,
717 1940 807 1990 quid
827 1945 895 1984 est,
916 1940 1017 1990 quod
1037 1939 1195 1990 dignum
1213 1939 1319 1977 nobis
1338 1944 1403 1977 aut
1421 1940 1458 1977 in

138 2004 161 2037 8
181 1999 282 2036 curia
301 2004 366 2036 aut
384 1999 421 2036 in
440 1999 520 2036 foro
539 2012 651 2050 agere
672 2000 889 2050 possimus?
945 2000 1015 2044 Ita,
1037 1999 1100 2049 qui
1117 1999 1154 2036 in
1173 1999 1335 2036 maxima
1363 2000 1456 2037 cele-

183 2059 321 2104 britate
339 2063 452 2109 atque
480 2059 517 2096 in
545 2059 661 2096 oculis
689 2059 824 2096 civium
843 2059 1032 2110 quondam
1051 2059 1263 2103 vixerimus,
1282 2071 1381 2096 nunc
1399 2059 1457 2097 fu—

179 2118 324 2169 gientes
357 2123 601 2168 conspectum
631 2119 907 2162 sceleratorum,
928 2119 1064 2169 quibus
1083 2118 1206 2155 omnia
1232 2119 1456 2164 redundant,

138 2181 160 2215 9
180 2177 353 2215 abdimus
372 2190 452 2221 nos,
473 2183 656 2228 quantum
682 2178 780 2222 licet,
806 2183 844 2215 et
870 2191 972 2228 saepe
993 2178 1061 2215 soli
1079 2191 1218 2215 sumus.
1275 2178 1352 2216 Sed
1371 2179 1459 2229 quia

181 2237 233 2274 sic
252 2238 300 2275 ab
319 2237 532 2275 hominibus
552 2237 672 2275 doctis
693 2238 918 2288 accepimus,
941 2251 1014 2274 non
1033 2238 1154 2275 solum
1183 2251 1230 2275 ex
1256 2239 1366 2276 malis
1393 2239 1457 2277 eli-

180 2309 269 2348 gere
289 2297 440 2334 minima
458 2298 651 2348 oportere;
680 2297 746 2334 sed
775 2297 887 2334 etiam
915 2310 1115 2348 excerpere
1143 2310 1191 2334 ex
1219 2297 1277 2335 his
1305 2298 1407 2348 ipsis,
1428 2299 1457 2336 si

181 2356 271 2407 quid
301 2357 439 2394 inesset
467 2356 574 2395 boni:
605 2361 807 2407 propterea
825 2362 864 2394 et
882 2358 958 2394 otio
975 2357 1089 2401 fruor,
1110 2370 1184 2394 non
1212 2358 1274 2395 illo
1293 2358 1457 2408 quidem,

180 2429 255 2468 quo
275 2417 498 2461 debebatis,
519 2417 582 2467 qui
601 2416 791 2467 quondam
821 2417 1028 2467 peperisset
1055 2418 1173 2454 otium
1200 2417 1361 2462 civitati;
1388 2430 1458 2457 nec

1046 2567 1069 2577 ⁴-
