1674 2754
608 201 721 228 mmm
739 201 765 227 1.
823 201 911 227 cAP.
934 203 1027 229 xvn.
1421 194 1472 229 23

112 289 202 329 tatis
219 288 426 341 plurimum
450 288 675 328 conferetur.
731 288 821 332 Sed,
842 301 929 340 quae
949 293 1094 326 naturae
1120 290 1303 342 principia
1328 290 1402 329 sint
1422 295 1444 329 2

112 349 391 389 communitatis
418 354 458 387 et
487 349 675 387 societatis
700 349 891 393 humanae,
911 349 1162 400 repetendum
1180 350 1329 388 videtur
1348 352 1401 389 al-

112 411 197 449 tius.
252 411 323 449 Est
355 410 454 448 enim
482 410 656 461 primum,
677 409 781 460 quod
809 409 974 448 cernitur
1000 410 1038 447 in
1064 410 1227 448 universi
1254 411 1403 462 generis
1423 416 1446 450 3

111 471 267 510 humani
285 471 489 515 societate;
518 470 601 521 ejus
621 474 749 508 autem
770 470 962 508 vinculum
990 474 1049 508 est
1078 471 1174 508 ratio
1202 475 1241 508 et
1271 472 1403 517 oratio,

111 545 199 584 quae
233 531 417 576 docendo,
446 530 637 575 discendo,
668 531 992 575 communicando,
1013 531 1273 582 disceptando,
1302 532 1404 583 judi-

111 592 235 630 cando
253 591 426 630 conciliat
443 591 540 629 inter
565 603 605 629 se
632 591 815 636 homines,
837 591 1110 643 conjungitque
1130 592 1293 629 naturali
1312 605 1404 643 qua-

111 652 202 692 dam
229 652 419 691 societate.
474 651 610 702 Neque
628 651 707 689 ulla
723 664 765 689 re
784 651 934 703 longius
954 653 1136 690 absumus
1156 664 1179 689 a
1196 656 1333 690 natura
1351 652 1404 690 fe-
1424 655 1444 690 4

110 725 250 758 rarum,
277 712 316 750 in
344 711 484 763 quibus
514 711 636 749 inesse
668 711 930 750 fortitudinem
960 725 1064 763 saepe
1095 712 1265 757 dicimus,
1294 717 1339 750 ut
1367 713 1406 750 in

111 773 228 825 eunS,
247 773 286 811 in
311 772 504 817 leonibus;
530 771 729 823 justitiam,
751 772 982 824 aequitatem,
1012 772 1220 811 bonitatem
1249 786 1325 811 non
1350 773 1406 811 di-

111 832 242 872 cimus.
298 832 398 871 Sunt
417 832 516 870 enim
534 832 687 870 rationis
716 837 755 870 et
783 833 960 870 orationis
979 837 1167 884 expertes.
1222 833 1283 872 Ac
1302 834 1405 872 latis·
1425 840 1449 874 5

111 893 205 931 sime
233 893 390 945 quidem
419 897 555 944 patens
586 892 801 931 hominibus
829 893 928 931 inter
957 893 1072 945 ipsos,
1104 893 1281 932 omnibus
1309 894 1408 934 inter

111 965 254 998 omneS,
283 953 444 992 societas
473 953 558 991 haeo
589 957 666 998 est;
695 953 733 990 in
763 966 839 1003 qua
869 953 1036 991 omnium
1069 966 1208 999 rerum,
1228 967 1324 1005 quas
1356 954 1407 993 ad

111 1026 352 1053 communem
369 1013 564 1052 hominum
582 1026 695 1051 usum
713 1018 849 1051 natura
866 1014 1009 1066 genuit,
1026 1018 1084 1052 est
1103 1014 1288 1052 servanda
1303 1028 1405 1053 com-

110 1074 287 1118 munitas,
307 1078 362 1119 ut,
384 1087 471 1125 quae
501 1073 692 1125 descripta
721 1078 810 1111 sunt
834 1074 984 1126 legibus
1006 1078 1044 1112 et
1068 1075 1154 1125 jure
1183 1075 1290 1119 civili,
1320 1075 1406 1114 haec
1452 1093 1455 1095 ·

110 1134 164 1173 ita
193 1138 404 1178 teneantur,
424 1138 469 1171 ut
497 1134 546 1171 sit
577 1133 837 1179 constitutum,
859 1147 880 1172 e
913 1134 1048 1184 quibus
1079 1134 1170 1185 ipsis
1200 1139 1326 1173 cetera
1353 1136 1406 1173 sic

110 1194 370 1238 observentur,
388 1197 433 1231 ut
457 1193 495 1231 in
516 1194 743 1232 Graecorum
770 1194 970 1245 proverbio
995 1198 1065 1239 est,
1087 1195 1296 1233 amicorum
1325 1208 1408 1234 esse

111 1254 326 1293 communia
344 1253 480 1292 omnia.
538 1253 718 1292 Omnium
737 1259 866 1292 autem
897 1254 1110 1293 communia
1139 1256 1335 1294 hominum
1354 1256 1407 1295 vi-
1427 1260 1452 1295 6

111 1313 250 1353 dentur
278 1326 334 1360 ea,
355 1326 442 1365 quae
469 1317 559 1351 sunt
587 1314 736 1366 generis
764 1315 856 1361 eius,
876 1315 980 1366 quod
1010 1316 1059 1354 ab
1089 1316 1211 1354 Ennio
1241 1317 1408 1368 positum

112 1374 151 1413 in
168 1387 245 1413 una
263 1387 316 1419 re,
337 1374 533 1412 transferri
551 1374 589 1412 in
606 1375 747 1413 multas
767 1380 905 1426 potest.

341 1442 471 1486 Homo,
494 1443 561 1491 qui
578 1443 719 1480 erranti
737 1443 883 1480 comiter
901 1448 1084 1481 monstrat
1101 1443 1213 1489 viam,

352 1503 471 1550 Quasi
491 1503 615 1540 lumen
633 1503 676 1540 de
694 1516 761 1540 suo
781 1504 921 1541 lumine
938 1504 1117 1548 accendat,
1128 1505 1239 1554 facit.

340 1562 479 1600 Nihilo
496 1564 622 1611 minus
639 1564 716 1612 ipsi
735 1564 839 1608 lucet,
860 1576 944 1600 cum
961 1564 1022 1601 illa·
1040 1564 1251 1603 accenderit.

111 1629 200 1668 Una
229 1641 277 1667 ex
303 1641 344 1667 re
369 1629 460 1666 satis
480 1629 667 1680 praecipit,
688 1634 743 1675 ut,
765 1630 946 1681 quicquid
966 1631 1043 1668 sine
1063 1630 1288 1669 detrimento
1308 1645 1408 1670 com·
1429 1631 1452 1671 'a'

112 1688 259 1727 modari
289 1689 421 1740 possit,
449 1689 489 1727 id
521 1690 712 1728 tribuatur
741 1690 802 1729 vel
831 1690 974 1742 ignoto.
1029 1691 1089 1729 Ex
1119 1704 1195 1742 quo
1224 1696 1313 1730 sunt
1345 1692 1409 1730 illa
1429 1697 1453 1732 8

113 1749 335 1794 communia,
366 1762 443 1787 non
474 1749 676 1801 prohibere
708 1762 808 1801 aqua
846 1751 1080 1801 profluente;
1120 1752 1200 1803 pati
1237 1752 1285 1790 ab
1322 1752 1408 1805 igne

112 1809 240 1862 ignem
259 1821 407 1861 capere,
429 1808 460 1847 si
479 1809 544 1861 qui
563 1809 675 1854 velit;
705 1810 903 1848 consilium
922 1811 1034 1849 fidele
1054 1811 1276 1850 deliberanti
1295 1812 1407 1851 dare:

112 1882 199 1922 quae
219 1873 308 1908 sunt
325 1869 369 1907 iis
393 1868 512 1915 utilia,
533 1869 598 1921 qui
616 1870 817 1922 accipiunt,
840 1871 946 1909 danti
964 1884 1039 1909 non
1058 1872 1231 1910 molesta,
1281 1873 1408 1918 Quare

112 1935 151 1968 et
169 1929 228 1968 his
248 1929 433 1968 utendum
453 1935 522 1975 est,
543 1935 583 1969 et
601 1943 752 1982 semper
770 1931 913 1983 aliquid
938 1931 989 1970 ad
1009 1945 1249 1971 communem
1267 1933 1407 1972 utilita-

112 1997 192 2028 tem
226 1989 471 2028 afferendum.
539 1990 619 2029 Sed
649 1991 827 2042 quoniam
861 1992 981 2044 oopiae
1016 2005 1145 2044 parvae
1174 1993 1408 2046 singulorum
1429 1998 1452 2034 9

112 2056 212 2094 sunt.
232 2063 364 2089 eorum
392 2059 533 2095 autem,
553 2051 619 2103 qui
648 2051 706 2090 his
739 2057 890 2105 egeant,
919 2053 1062 2091 infinita
1090 2058 1148 2092 est
1175 2054 1407 2092 multitudo:

113 2111 279 2163 vulgaris
299 2111 502 2149 liberalitas
522 2111 718 2150 referenda
737 2117 796 2150 est
814 2112 864 2150 ad
884 2113 990 2151 illum
1011 2114 1120 2152 Ennii
1148 2114 1273 2159 finem,
1292 2106 1410 2153 ¹nihilo

113 2171 238 2209 minus
265 2176 338 2221 ipsa
369 2172 464 2210 lucet
477 2186 488 2213 .·
521 2178 563 2210 ut
591 2172 756 2211 facultas
784 2174 844 2217 sit,
865 2186 942 2225 qua
970 2174 1007 2212 in
1038 2181 1187 2213 nostros
1219 2175 1337 2212 simus
1367 2175 1408 2213 li-

113 2230 270 2270 berales.

166 2336 299 2376 XVII.
332 2334 484 2376 Gradus
503 2343 632 2376 autem
651 2338 781 2390 plures
799 2345 888 2378 sunt
907 2341 1097 2378 societatis
1117 2341 1322 2378 hominum.
1355 2340 1409 2379 Ut

113 2396 213 2436 enim
226 2398 276 2436 ab
289 2397 354 2436 illa
365 2397 508 2436 infinita
519 2398 747 2444 discedatur,
764 2401 917 2452 propior
931 2407 990 2438 est
1003 2401 1174 2452 ejusdem
1196 2400 1330 2450 gentis,
1344 2413 1409 2438 na-

113 2456 236 2503 tionis,
255 2457 411 2510 linguae,
430 2470 506 2509 qua
523 2459 685 2498 maxime
703 2460 873 2499 homines
893 2461 1174 2512 conjunguntur
1245 2459 1408 2499 Interius
1429 2464 1453 2499 2

1230 2518 1245 2534 4
