1674 2754
664 183 777 208 unna
795 183 820 207 1.
878 183 965 208 cAi‘.
988 183 1043 207 111.
1511 175 1532 207 9

171 283 246 309 non
274 270 473 309 honestate
492 270 648 308 metitur
663 283 672 315 3
700 269 761 307 hic
781 269 813 307 si
831 269 901 307 sibi
928 269 1010 320 ipse
1029 269 1238 306 consentiat
1257 280 1295 307 ct
1314 283 1388 307 non
1408 270 1459 307 in-

171 331 323 368 terdum
355 337 502 369 naturae
537 330 704 369 bonitate
732 330 914 373 vincatur,
946 342 1068 380 neque
1102 329 1303 366 amicitiam
1341 330 1463 368 colere

171 391 300 442 possit,
321 404 390 429 nec
407 391 605 442 justitiam,
626 403 695 428 nec
714 390 989 429 liberalitatem.
1042 389 1166 427 Fortis
1185 403 1274 427 vero
1294 390 1462 428 dolorem

171 464 361 488 summum
379 452 522 489 malum
551 451 739 502 judicans,
760 455 827 488 aut
859 455 1075 501 temperans
1095 450 1332 501 voluptatem
1361 464 1461 488 sum-

169 524 276 549 mum
303 512 445 550 bonum
466 516 636 549 statuens
664 523 747 549 esse
767 515 868 549 certe
895 510 1000 548 nullo
1028 510 1143 548 modo
1171 515 1309 562 potest.
1367 511 1461 556 Quae
1485 512 1503 549 7

170 584 399 623 quamquam
418 573 470 609 ita
489 572 562 610 sint
580 572 618 609 in
638 576 831 622 promptu,
844 575 888 608 ut
907 584 967 609 res
982 570 1237 621 disputatione
1250 584 1324 608 non
1339 575 1460 622 egeat,

170 637 298 669 tamen
309 637 398 670 sunt
416 645 438 669 a
456 632 564 670 nobis
578 632 651 670 alio
669 632 753 670 loco
773 631 978 683 disputata.
1027 631 1101 668 Hae
1121 631 1327 682 disciplinae
1348 631 1464 682 igitur
1485 636 1507 669 8

171 692 201 730 si
221 692 288 730 sibi
311 697 572 730 consentaneae
593 692 710 730 velint
729 705 823 736 esse,
844 692 892 729 de
912 692 1033 729 officio
1057 691 1149 728 nihil
1168 697 1308 742 queant·
1328 692 1462 730 dicere.

170 752 306 804 Neque
333 753 412 790 ulla
440 753 549 791 officii
574 757 770 804 praecepta
797 753 915 796 firma,
938 752 1097 796 stabilia,
1120 752 1323 803 conjuncta
1353 757 1462 789 natu-

169 826 222 851 rae
261 813 362 850 tradi
390 819 560 864 possunt,
590 813 660 851 nisi
699 818 766 850 aut
805 813 853 850 ab
883 813 938 857 iis,
969 812 1032 863 qui
1070 813 1201 856 solam,
1232 817 1299 849 aut
1327 813 1376 850 ab
1408 812 1463 857 iis,

170 873 235 924 qui
261 873 424 911 maxime
443 874 681 911 honestatem
702 879 858 924 propter
878 886 916 910 se
938 873 1065 910 dicant
1084 873 1347 923 expetendam.
1404 873 1464 910 Ita
1486 878 1507 911 9

171 933 323 985 propria
352 933 409 972 est
437 947 481 971 ea
510 933 715 984 praeceptio
744 933 968 977 Stoicorum,
997 933 1328 977 Academicorum,
1359 933 1463 970 Peri-

172 994 444 1045 pateticorum:
475 995 651 1045 quoniam
677 993 875 1037 Aristonis,
897 993 1116 1044 Pyrrhonis,
1134 993 1265 1030 Herilli
1290 993 1369 1044 jam
1391 993 1464 1044 pri-

172 1055 260 1102 dem
288 1054 443 1106 explosa
470 1054 654 1092 sententia
683 1059 759 1092 est:
802 1054 866 1104 qui
894 1058 1021 1091 tamen
1049 1054 1233 1091 haberent
1262 1053 1326 1104 jus
1355 1066 1466 1090 suum

172 1114 390 1166 disputandi
418 1115 466 1152 de
500 1115 632 1158 officio,
662 1115 693 1152 si
720 1127 846 1151 rerum
880 1113 1043 1164 aliquem
1079 1113 1271 1150 delectum
1299 1113 1465 1164 reliquis-

171 1180 266 1219 sent,
304 1180 349 1213 ut
386 1176 436 1213 ad
475 1175 585 1212 officii
622 1174 873 1212 inventionem
912 1174 1039 1211 aditus
1079 1178 1188 1211 esset.
1264 1173 1466 1224 Sequimur
1489 1179 1536 1212 10

171 1235 297 1288 igitur,
326 1236 399 1274 hoc
427 1235 580 1287 quidem
614 1240 786 1286 tempore
828 1239 866 1272 et
900 1235 971 1272 hac
1005 1234 1042 1271 in
1070 1233 1289 1284 quaestione,
1319 1234 1465 1285 potissi-

171 1309 276 1334 mum
295 1296 453 1340 Stoicos,
473 1309 549 1334 non
567 1301 611 1333 ut
630 1295 874 1346 interpretes;
902 1295 980 1339 sed,
1002 1299 1046 1332 ut
1065 1295 1242 1339 solemus,
1258 1307 1278 1332 e
1299 1294 1466 1332 fontibus

172 1369 303 1394 eorum
337 1356 480 1407 judicio
509 1356 736 1407 arbitrioque
770 1360 911 1400 nostro,
942 1359 1125 1406 quantum
1163 1368 1314 1406 quoque
1351 1354 1467 1392 modo

173 1416 372 1461 videbitur,
393 1417 620 1454 hauriemus.

224 1477 358 1515 Placet
376 1477 500 1528 igitur,
523 1477 701 1528 quoniam
729 1476 848 1514 omnis
878 1476 1085 1527 disputatio
1114 1476 1162 1513 de
1191 1475 1312 1514 officio
1332 1476 1462 1513 futura
1485 1479 1529 1513 11

173 1542 242 1582 est,
263 1542 351 1576 ante
379 1537 636 1582 definire,
666 1536 757 1588 quid
786 1536 833 1574 sit
861 1537 1125 1574 officium:
1156 1536 1301 1587 quoda
1328 1536 1466 1573 Panae-

173 1598 227 1636 tio
255 1597 552 1648 praetermissum
580 1610 662 1634 esse
690 1596 815 1634 miror.
874 1596 1004 1633 Omnis
1033 1596 1143 1640 enim,
1164 1609 1250 1646 quae
1278 1608 1300 1632 a
1318 1596 1461 1633 ratione
1485 1600 1532 1633 12

174 1657 374 1708 suscipitur
402 1657 450 1694 de
478 1657 602 1707 aliqua
630 1669 670 1694 re
698 1655 894 1700 institutio,
916 1656 1031 1693 debet
1059 1668 1081 1692 a
1111 1656 1325 1693 definitione
1353 1656 1466 1706 profi-

174 1717 273 1762 cisci,
294 1722 338 1755 ut
357 1717 601 1769 intelligatur,
624 1717 715 1768 quid
735 1716 783 1753 sit
802 1716 852 1760 id,
875 1716 922 1754 de
942 1729 1017 1767 quo
1038 1716 1264 1767 disputetur.

226 1837 301 1876 ΙΙΙ.
333 1837 463 1876 Omnis
483 1837 531 1875 de
551 1837 672 1875 officio
701 1837 844 1888 duplex
873 1841 931 1874 est
959 1837 1132 1888 quaestio.
1190 1837 1319 1874 Unum
1347 1850 1468 1888 genus

173 1902 244 1942 est,
265 1897 368 1949 quod
396 1898 559 1949 pertinet
584 1897 634 1935 ad
662 1898 774 1935 finem
802 1898 1010 1935 bonorum:
1042 1897 1214 1941 alterum,
1237 1897 1337 1948 quod
1368 1898 1466 1948 posi-

173 1962 257 1996 tum
276 1962 334 1996 est
352 1958 390 1996 in
409 1958 622 2009 praeceptis,
644 1958 781 2009 quibus
800 1958 837 1995 in
857 1971 988 1996 omnes
1008 1962 1135 2009 partes
1154 1970 1246 1995 usus
1272 1958 1359 1995 vitae
1380 1971 1465 1996 con-

173 2018 326 2057 formari
341 2018 470 2070 possit.
517 2018 728 2070 Superioris
743 2019 890 2070 generis
910 2018 1025 2070 hujus
1041 2018 1143 2055 modi
1163 2018 1337 2069 exempla
1357 2023 1466 2062 sunt;
1488 2022 1509 2055 2

174 2078 346 2117 omniane
374 2078 495 2117 officia
522 2079 691 2130 perfecta
719 2079 814 2123 sint;
853 2078 1038 2129 numquid
1067 2078 1234 2116 officium
1263 2078 1366 2116 aliud
1395 2078 1467 2116 alio

174 2139 298 2190 majus
325 2139 384 2183 sit,
413 2143 452 2176 et
479 2152 566 2190 quae
594 2144 683 2176 sunt
719 2139 866 2191 generis
895 2139 1079 2190 ejusdem.
1138 2139 1309 2184 Quorum
1338 2143 1466 2176 autem
1488 2143 1509 2175 3

174 2199 380 2237 officiorum
409 2204 606 2250 praecepta
633 2199 846 2243 traduntur,
867 2212 912 2237 ea
940 2212 1172 2250 quamquam
1201 2199 1389 2250 pertinent
1417 2198 1466 2235 ad

174 2260 288 2297 finem
315 2259 510 2303 bonorum,
531 2265 659 2297 tamen
679 2260 801 2297 minus
828 2259 866 2297 id
887 2264 1057 2310 apparet,
1079 2259 1167 2310 quia
1194 2259 1317 2310 magis
1336 2259 1384 2295 ad
1413 2258 1466 2295 in-

175 2319 406 2357 stitutionem
425 2319 513 2358 vitae
536 2320 745 2357 communis
773 2325 945 2371 spectare
966 2320 1161 2357 videntur:
1192 2320 1239 2357 de
1254 2319 1390 2370 quibus
1409 2323 1467 2356 est

176 2378 283 2417 nobis
302 2379 360 2416 his
378 2379 480 2417 libris
500 2380 777 2431 explicandum.

228 2438 360 2490 Atque
398 2439 510 2478 etiam
549 2440 621 2478 alia
658 2441 788 2478 divisio
827 2446 886 2478 est
925 2440 1044 2478 officii.
1103 2440 1202 2477 Nam
1232 2444 1271 2476 et
1300 2438 1465 2477 medium
1486 2443 1509 2477 4
