1674 2754
609 193 722 219 Lmen
739 193 766 218 1.
821 192 910 220 oAP.
932 194 994 220 xv.
1420 190 1460 224 21

179 277 282 317 Nam
312 282 352 317 et
388 278 454 330 qui
486 279 745 331 gratificantur
781 279 956 331 cuipiam,
990 281 1093 331 quod
1130 281 1228 319 obsit
1264 281 1325 325 illi,
1356 281 1416 319 cui
1436 286 1458 318 3

126 340 306 391 prodesse
335 340 430 377 velle
459 340 666 383 videantur,
688 352 764 376 non
793 339 958 383 benefici,
989 352 1111 390 neque
1141 341 1325 385 liberales,
1347 341 1414 378 sed

125 399 320 450 perniciosi
347 403 597 437 assentatores
614 398 810 450 judicandi
827 403 936 436 sunt:
966 404 1004 436 et
1023 399 1087 450 qui
1105 400 1185 437 aliis
1204 405 1350 444 nocent,
1372 405 1415 438 ut

125 459 162 496 in
179 459 270 497 alios
289 459 462 497 liberales
482 459 567 503 sint,
586 459 624 496 in
642 458 777 496 eadem
805 463 893 496 sunt
919 459 1112 509 injustitia,
1133 464 1177 497 ut
1196 459 1227 497 si
1251 460 1288 496 in
1307 472 1415 497 suam

125 531 204 556 rem
223 519 344 556 aliena
363 523 596 557 convertant.
651 518 750 556 Sunt
768 523 897 556 autem
915 519 1034 563 multi,
1056 524 1095 557 et
1114 519 1267 569 quidem
1288 520 1414 570 cupidi

124 579 333 629 splendoris
353 583 391 617 et
409 579 551 630 gloriae,
571 578 635 630 qui
654 578 818 629 eripiunt
843 579 935 624 aliis,
956 579 1059 629 quod
1087 579 1167 617 aliis
1195 579 1410 630 largiantur.

123 639 249 690 Hique
277 639 517 683 arbitrantur,
538 651 579 676 se
606 639 794 676 beneficos
821 638 858 676 in
886 651 975 676 suos
1003 638 1145 677 amicos
1163 639 1285 676 visum
1302 638 1356 683 iri,
1377 639 1407 676 si

122 697 354 749 locupletent
373 711 437 736 eos
457 710 685 749 quacunque
712 698 867 736 ratione.
930 698 972 736 [d
991 703 1120 736 autem
1140 703 1288 736 tantum
1307 699 1414 737 abest

122 758 253 803 officio,
273 763 317 796 ut
335 758 426 796 nihil
444 758 565 810 magis
585 758 706 796 officio
726 758 846 808 possit
873 771 955 795 esse
975 758 1213 796 contrarium.
1269 757 1412 796 Viden·
1434 764 1455 796 5

121 817 213 856 dum
233 822 291 856 est
309 818 435 869 igitur,
456 822 501 855 ut
529 830 574 855 ea
601 818 825 856 liberalitate
843 822 1007 863 utamur,
1029 831 1116 868 quae
1136 818 1255 869 prosit
1273 818 1411 863 amicis,

119 883 254 917 noceat
270 878 418 917 nemini.
475 879 602 924 Quare
629 878 672 916 L.
704 878 821 916 Sullae
851 883 890 916 et
917 879 960 917 O.
983 879 1143 917 Oaesaris
1169 879 1413 929 pecuniarum
1434 883 1456 916 6

119 938 315 976 translatio
339 951 362 975 a
389 938 500 989 justis
528 938 688 976 dominis
716 938 766 975 ad
791 938 930 976 alienos
951 951 1027 976 non
1046 938 1162 977 debet
1179 939 1341 977 liberalis
1360 939 1412 976 vi-

119 997 211 1036 deri.
266 998 370 1037 Nihil
389 1003 447 1035 est
467 998 566 1035 enim
585 996 749 1042 liberale,
771 998 874 1049 quod
894 1011 969 1035 non
988 998 1089 1036 idem
1105 998 1265 1049 justum.

171 1057 284 1095 Alter
321 1063 402 1096 erat
438 1058 543 1096 locus
581 1058 773 1102 cautionis,
808 1070 854 1095 ne
892 1058 1102 1109 benignitas
1139 1058 1262 1109 major
1298 1063 1409 1103 esset,
1433 1059 1453 1097 7

119 1130 233 1168 quam
261 1117 474 1155 facultates.
532 1117 645 1162 Quod
673 1117 739 1167 qui
765 1117 1004 1168 benigniores
1023 1117 1156 1155 volunt
1183 1129 1276 1162 esse,
1297 1131 1412 1168 quam

118 1189 177 1215 res
207 1177 360 1228 patitur,
391 1177 555 1228 primum
583 1177 622 1214 in
654 1189 699 1214 eo
731 1181 903 1227 peccant,
933 1177 1037 1227 quod
1066 1177 1234 1228 injuriosi
1261 1182 1348 1216 sunt
1374 1178 1412 1215 in

118 1237 330 1288 proximos:
360 1250 455 1288 quas
483 1237 583 1274 enim
611 1236 738 1288 copias
768 1237 826 1274 his
855 1241 893 1274 et
923 1237 1158 1288 suppeditari
1187 1237 1333 1288 aequius
1353 1242 1411 1275 est

117 1301 157 1334 et
174 1297 344 1348 relinqui,
364 1309 428 1334 eas
449 1297 681 1335 transferunt
706 1296 756 1334 ad
781 1297 933 1335 alienos.
990 1297 1096 1334 Inest
1125 1302 1252 1335 autem
1279 1297 1317 1335 in
1345 1298 1411 1336 tali
1431 1303 1453 1336 8

117 1356 340 1395 liberalitate
359 1357 549 1408 cupiditas
568 1357 791 1407 plerumque
810 1357 981 1408 rapiendi
1000 1361 1038 1395 et
1056 1357 1250 1395 auferendi
1269 1370 1338 1409 per
1356 1358 1409 1395 in-

113 1416 265 1467 jus-iam,
286 1422 330 1455 ut
358 1417 408 1455 ad
436 1417 674 1469 largiendum
705 1421 912 1468 suppetant
938 1417 1070 1468 copiae.
1126 1417 1268 1455 Videre
1295 1417 1410 1455 etiam
1431 1422 1452 1456 9

117 1477 215 1522 licet,
237 1477 438 1528 plerosque
456 1490 533 1515 non
551 1481 631 1514 tam
649 1481 785 1514 natura
803 1477 988 1521 liberales,
1009 1490 1123 1528 quam
1143 1477 1307 1528 quadam
1326 1478 1409 1529 glo-

116 1536 171 1574 ria
189 1536 336 1581 ductos,
351 1541 396 1574 ut
414 1537 572 1575 benefici
591 1537 803 1581 videantur,
819 1537 944 1574 facere
963 1537 1096 1581 multa,
1117 1550 1205 1587 quae
1226 1537 1410 1588 proficisci

118 1597 167 1634 ab
197 1596 445 1634 ostentatione
474 1596 608 1646 magis,
630 1609 745 1646 quam
775 1608 798 1632 a
825 1596 1021 1633 voluntate
1046 1596 1255 1634 videantur.
1310 1597 1408 1637 Talis

118 1660 247 1694 autem
265 1656 453 1695 simulatio
472 1656 628 1694 vanitati
655 1660 714 1693 est
743 1655 988 1707 conjunctior,
1009 1668 1126 1706 quam
1155 1659 1222 1697 aut
1249 1656 1407 1698 liberali-

117 1715 188 1754 tati
204 1720 271 1755 aut
289 1716 491 1755 honestati.

169 1776 337 1814 Tertium
364 1780 423 1814 est
450 1775 697 1826 propositum,
717 1779 762 1813 ut
790 1775 828 1813 in
855 1775 1100 1818 beneficentia
1120 1775 1290 1814 delectus
1308 1781 1408 1814 esset
1431 1781 1478 1814 10

116 1835 330 1888 dignitatis:
358 1836 397 1875 in
423 1848 499 1887 quo
522 1840 716 1888 etmores
746 1835 829 1886 ejus
860 1839 970 1872 erunt
1000 1835 1209 1886 spectandi,
1229 1836 1266 1873 in
1294 1848 1407 1887 quem

117 1895 338 1937 beneficium
357 1896 582 1940 conferetur,
603 1900 642 1933 et
661 1895 807 1935 animus
826 1908 918 1947 erga
936 1908 1016 1940 nos,
1037 1900 1075 1932 et
1095 1896 1344 1934 communitas
1363 1909 1407 1934 ac

115 1956 274 1994 societas
305 1956 407 2000 vitae,
443 1960 482 1994 et
511 1955 561 1993 ad
593 1960 742 1993 nostras
771 1955 952 1993 utilitates
986 1955 1106 1993 officia
1139 1961 1226 1994 ante
1259 1956 1406 1994 collata.

117 2015 213 2061 Quae
245 2020 290 2053 ut
322 2020 547 2056 concurrant
573 2015 708 2060 omnia,
743 2015 908 2067 optabile
939 2019 997 2053 est
1011 2028 1019 2060 ;
1049 2015 1080 2053 si
1109 2015 1244 2062 minus,
1279 2017 1406 2068 plures
1429 2021 1472 2055 11

116 2086 241 2114 causae
258 2075 494 2127 majoresque
513 2075 689 2127 ponderis
709 2075 796 2127 plus
815 2075 1023 2118 habebunt.

168 2195 254 2234 XV.
285 2195 471 2240 Quoniam
489 2200 619 2234 autem
638 2195 775 2234 vivitur
793 2208 869 2233 non
887 2209 975 2234 cum
996 2195 1173 2247 perfectis
1193 2196 1406 2237 hominibus

117 2255 301 2306 planeque
328 2255 570 2306 sapientibuS,
591 2255 659 2293 sed
678 2268 766 2294 cum
790 2255 845 2301 iis,
865 2255 902 2298 in
922 2256 1058 2306 quibus
1077 2257 1261 2307 praeclare
1280 2257 1405 2308 agitur

115 2314 146 2352 si
164 2319 252 2352 sunt
271 2314 468 2352 simulacra
485 2315 653 2353 virtutis:
684 2315 796 2353 etiam
815 2315 887 2353 hoc
906 2315 1195 2366 intelligendum
1214 2320 1320 2367 puto,
1340 2329 1403 2352 ne-

115 2374 255 2412 minem
282 2374 431 2412 omnino
458 2387 541 2413 csse
568 2375 848 2427 negligendum,
868 2375 905 2412 in
925 2387 1000 2426 quo
1027 2375 1153 2426 aliqua
1183 2375 1405 2426 significatio

117 2433 262 2473 virtutis
276 2438 476 2486 appareat;
496 2434 697 2474 colendum
715 2439 843 2476 autem
859 2447 941 2472 esse
953 2435 1005 2474 ita
1019 2447 1208 2486 quemque
1228 2434 1402 2475 maxime.
