1674 2754
557 207 670 232 unna
688 207 744 232 111.
802 206 890 233 oAP.
910 207 1035 233 xxvn.
1411 200 1486 235 115

135 293 184 332 de
203 293 316 332 Ulixe
334 293 436 331 nulla
455 293 618 345 suspicio
646 292 733 346 est),
753 293 820 331 sed
847 293 1061 331 insimulant
1088 306 1176 332 eum
1202 296 1414 347 tragoediae,

135 353 367 392 simulatione
399 354 552 392 insaniae
588 353 758 392 militiam
795 354 1061 405 subterfugere
1099 354 1270 392 voluisse.
1328 357 1416 395 Non
1435 362 1458 395 2

133 415 334 453 honestum
367 415 570 453 consilium.
626 415 684 452 At
716 414 818 458 utile,
847 419 891 452 ut
920 414 1052 465 aliquis
1079 414 1238 452 fortasse
1267 416 1413 461 dixerit,

134 487 292 527 regnare
312 479 352 512 et
370 475 515 512 Ithacae
533 475 657 512 vivere
675 474 793 512 otiose
822 488 909 512 cum
928 474 1158 525 parentibus,
1180 488 1266 513 cum
1285 489 1412 521 uxore,

134 548 221 573 eum
239 535 324 573 filio.
380 535 514 572 Ullum
531 540 575 574 tu
593 535 708 572 decus
733 534 771 572 in
790 535 1014 586 quotidianis
1041 535 1233 573 laboribus
1261 539 1300 573 et
1318 536 1414 587 peri-

133 595 227 634 culis
246 608 333 633 cum
351 594 423 633 hac
441 594 710 646 tranquillitate
730 591 998 632 conferendum
1026 595 1169 646 putas?
1225 595 1308 646 Ego
1327 609 1416 633 vero
1436 602 1458 634 3

133 656 244 694 istam
262 654 573 694 contemnendam
591 659 630 692 et
648 654 896 706 abjiciendam
912 667 920 692 :
949 655 1136 706 quoniam,
1153 668 1239 706 quae
1258 656 1416 694 honesta

133 728 207 753 non
225 716 284 760 sit,
303 728 350 753 ne
369 715 500 753 utilem
519 715 670 765 quidem
689 727 771 752 esse
800 715 971 754 arbitror.
1028 716 1129 760 Quid
1149 715 1247 753 enim
1266 716 1414 754 auditu-
1436 720 1459 754 4

133 788 218 813 rum
237 780 351 826 putas
368 775 482 812 fuisse
502 775 663 821 Ulixem,
685 774 716 812 si
733 774 771 812 in
797 775 860 812 illa
886 775 1121 814 simulatione
1140 776 1413 827 perseveravis-

133 836 222 874 set?
250 835 314 886 qui
333 848 420 873 eum
437 835 619 873 maximas
638 847 698 873 res
726 836 884 887 gesserit
903 836 940 873 in
957 836 1071 881 bello,
1091 840 1220 874 tamen
1237 837 1320 874 haec
1348 849 1413 875 au-

133 895 212 933 diat
230 895 279 933 ab
297 895 420 947 Ajace
437 908 445 932 :
591 891 594 894 ’

350 955 467 1005 Cujus
485 956 559 1004 ipse
570 955 744 1004 princeps
753 956 858 1004 juris
865 956 1028 1004 jurandi
1035 956 1132 1006 fuit,

352 1015 461 1063 Quod
479 1028 599 1052 omnes
617 1016 726 1060 scitis,
748 1016 848 1053 solus
865 1017 1022 1064 neylexit
1032 1016 1162 1066 fidem.

343 1075 483 1114 Furere
501 1076 728 1120 assimulare,
749 1089 794 1113 ne
811 1077 929 1121 coiret,
950 1076 1096 1115 institit.

351 1135 460 1183 Quod
477 1136 518 1172 ni
535 1135 754 1173 Palamedis
761 1136 954 1184 perspicaoe
964 1136 1170 1185 prudentia

342 1195 464 1234 Istius
475 1202 658 1245 percepset
676 1197 903 1234 malitiosam
922 1196 1130 1241 audaciam,

342 1256 438 1294 Fide
455 1257 686 1306 sacratoejus
698 1261 874 1306 perpetuo
882 1257 1045 1306 falleret.

131 1316 192 1356 Illi
209 1329 299 1355 vero
317 1329 391 1354 non
409 1316 524 1354 modo
545 1329 632 1354 cum
646 1316 830 1361 hostibus,
844 1329 975 1354 verum
986 1316 1100 1354 etiam
1120 1330 1207 1355 cum
1225 1317 1413 1363 fluctibus,
1436 1324 1459 1358 5

129 1376 170 1416 id
188 1376 292 1428 quod
310 1369 410 1421 feeit,
432 1376 609 1414 dimicare
627 1376 761 1414 melius
781 1376 864 1420 fuit,
886 1389 1001 1427 quam
1029 1376 1202 1415 deserere
1231 1378 1414 1416 consenti-

131 1440 258 1475 entem
278 1436 467 1474 Graeoiam
486 1435 536 1474 ad
554 1436 698 1474 bellum
715 1436 884 1474 barbaris
903 1436 1150 1474 inferendum.

184 1555 263 1594 Sed
300 1555 519 1593 omittamus
547 1559 586 1593 et
621 1555 781 1600 fabulas,
811 1560 850 1593 et
886 1559 1056 1593 externa:
1086 1556 1134 1594 ad
1168 1569 1248 1594 rem
1279 1559 1418 1596 factam
1438 1563 1460 1596 6

131 1620 375 1666 nostramque
393 1615 598 1653 veniamus.
654 1615 706 1653 M.
727 1615 868 1653 Atilius
896 1616 932 1653 R
945 1628 964 1652 e
976 1615 1150 1667 gulus,
1171 1630 1258 1654 cum
1286 1618 1417 1656 consul
1437 1619 1458 1656 7

130 1677 267 1715 iterum
286 1675 325 1714 in
337 1675 469 1713 Africa
484 1688 530 1713 ex
549 1675 688 1713 insidiis
708 1680 843 1726 captus
863 1680 975 1719 esset,
993 1675 1088 1713 duce
1107 1676 1326 1728 Xanthippo
1345 1677 1416 1715 La-

132 1735 374 1780 cedaemonio,
404 1735 631 1787 imperatore
659 1739 786 1774 autem
812 1740 920 1786 patre
949 1735 1170 1774 Hannibalis
1189 1736 1416 1782 Hamilcare,
1449 1730 1454 1736 ¹

128 1797 279 1849 juratus
296 1795 433 1834 missus
452 1800 511 1833 est
529 1795 579 1833 ad
607 1800 790 1840 senatum,
811 1800 866 1841 ut,
885 1795 955 1833 nisi
981 1795 1119 1834 redditi
1146 1801 1271 1835 essent
1288 1798 1418 1836 Poenis

131 1855 271 1908 captivi
287 1855 432 1894 nobiles
459 1855 625 1906 quidam,
654 1855 794 1894 rediret
820 1855 902 1907 ipse
926 1855 1214 1908 Karthaginem.
1270 1858 1310 1895 Is
1329 1872 1416 1897 cum
1437 1864 1458 1898 S

130 1917 291 1955 Romam
309 1915 483 1960 venisset,
511 1915 682 1953 utilitatis
710 1916 875 1967 speciem
902 1915 1066 1961 videbat,
1087 1916 1155 1954 sed
1174 1930 1268 1962 eam,
1288 1922 1332 1956 ut
1358 1931 1418 1956 res

131 1976 308 2021 declarat,
328 1975 463 2014 falsam
479 1975 663 2027 judicavit
679 1988 686 2013 :
716 1988 803 2026 quae
817 1980 899 2013 erat
917 1976 1001 2014 talis
1018 1988 1026 2013 :
1055 1989 1207 2015 manere
1225 1978 1263 2015 in
1282 1972 1415 2029 patria,

130 2048 212 2074 esse
231 2035 335 2074 domi
361 2048 441 2074 suae
463 2048 551 2074 cum
578 2048 707 2080 uxore,
728 2049 816 2086 cum
842 2036 993 2080 liberis;
1022 2049 1137 2087 quam
1165 2037 1417 2076 calamitatem

131 2095 341 2148 accepisset
358 2096 396 2134 in
414 2095 525 2140 bello,
547 2108 785 2134 communem
803 2095 966 2134 fortunae
992 2096 1142 2135 bellicae
1169 2097 1415 2148 judicantem,

131 2161 259 2195 tenere
287 2155 494 2194 consularis
524 2155 716 2208 dignitatis
744 2155 918 2207 gradum.
976 2156 1069 2202 Quis
1088 2157 1171 2195 haec
1199 2163 1314 2210 neget
1333 2171 1416 2196 esse

132 2215 266 2255 utilia?
309 2215 431 2260 Quem
451 2216 610 2253 censes?
648 2216 874 2267 Magnitudo
893 2216 1004 2254 animi
1023 2222 1063 2254 et
1087 2217 1271 2256 fortitudo
1289 2222 1416 2269 negat.

131 2275 296 2315 XXVII.
325 2274 430 2312 Num
447 2275 711 2326 locupletiores
731 2276 868 2327 quaeris
893 2277 1096 2315 auctores?
1152 2277 1300 2314 Harum
1319 2278 1417 2315 enim

131 2340 190 2374 est
224 2335 406 2372 virtutum
443 2335 649 2386 proprium,
678 2336 768 2374 nihil
805 2336 1060 2381 extimescere,
1096 2337 1219 2374 omnia
1254 2337 1419 2374 humana

131 2394 337 2446 despicere,
358 2393 460 2438 nihil,
481 2394 585 2446 quod
611 2395 753 2435 homini
782 2395 953 2434 accidere
977 2396 1107 2447 possit,
1135 2395 1418 2434 intolerandum

133 2459 278 2508 putare.
333 2453 470 2505 Itaque
502 2454 593 2506 quid
629 2455 748 2494 fecit?
805 2455 850 2493 In
887 2460 1061 2493 senatum
1097 2455 1210 2500 venit,
1239 2455 1418 2495 mandata
1437 2460 1459 2494 2
