1674 2754
149 182 196 215 62
705 191 754 215 DE
775 191 942 216 Orneus

215 277 334 313 mines
363 277 567 328 plurimum
597 276 810 314 hominibus
836 281 874 314 et
902 277 1045 327 prosint
1067 280 1106 313 et
1124 275 1270 313 obsint:
1300 275 1492 326 proprium-

216 336 288 373 hoc
307 341 432 374 statuo
451 349 533 374 esse
551 336 770 374 virtutis
797 336 991 374 conciliare
1015 336 1160 373 animos
1177 335 1370 372 hominum
1389 339 1428 372 et
1446 334 1493 372 ad

173 399 195 432 6
215 409 306 433 usus
334 409 422 434 suos
449 396 668 447 adjungere.
727 397 875 446 Itaque,
895 409 982 446 quae
1002 395 1039 433 in
1063 396 1176 432 rebus
1194 395 1372 438 inanimis,
1394 407 1494 445 quae·

216 469 289 506 que
308 456 345 493 in
364 469 437 494 usu
451 461 490 494 et
507 455 728 494 tractatione
747 455 945 493 beluarum
964 455 1059 492 fiunt
1076 455 1216 492 utiliter
1234 455 1284 492 ad
1301 454 1493 492 hominum

215 515 344 560 vitam,
365 516 509 554 artibus
537 528 582 553 ea
605 515 823 553 tribuuntur
842 515 1029 565 operosis;
1057 515 1252 552 hominum
1271 519 1399 552 autem
1417 518 1495 550 stu-

214 575 276 613 dia
294 576 345 613 ad
363 575 688 626 amplificationem
711 580 923 612 nostrarum
948 587 1074 612 rerum
1094 579 1269 625 prompta
1288 586 1331 611 ac
1352 578 1494 623 parata,

172 635 194 673 7
215 635 378 674 virorum
397 635 657 686 praestantium
676 634 858 685 sapientia
876 639 915 672 et
932 635 1070 673 virtute
1089 635 1308 672 excitantur.
1346 633 1496 670 Etenim

214 695 331 732 virtus
362 695 481 732 omnis
510 695 631 733 tribus
659 695 697 732 in
724 695 836 732 rebus
862 695 940 732 fere
959 695 1138 732 vertitur:
1168 707 1327 745 quarum
1346 706 1421 730 una
1439 697 1497 730 est

213 754 251 792 in
280 755 550 805 perspiciendo,
571 755 662 805 quid
690 755 727 791 in
746 767 894 805 quaque
924 767 964 792 re
994 767 1125 792 verum
1151 754 1408 804 sincerumque
1436 753 1495 797 sit,

214 814 303 864 quid
323 819 613 851 consentaneum
633 814 777 864 cuique,
798 814 888 864 quid
909 827 1151 864 consequens,
1172 827 1219 851 ex
1237 826 1312 863 quo
1331 813 1495 863 quidque

172 878 193 911 8
214 874 403 924 gignatur,
423 887 510 923 quae
531 873 714 923 cujusque
733 873 785 910 rei
804 886 917 910 causa
936 874 1005 917 sit;
1034 875 1205 918 alterum,
1223 873 1396 911 cohibere
1415 885 1495 909 mo·

216 938 275 970 tus
303 933 413 970 animi
441 933 623 976 turbatos,
652 945 746 983 quos
777 934 904 970 Graeci
931 933 1031 977 ordii-11
1060 933 1263 976 nominant,
1297 932 1494 982 appetitio-

215 1005 367 1043 nesque,
393 1006 486 1043 quas
510 993 562 1030 illi
590 993 708 1043 ὸξμάς,
729 993 946 1030 obedientes
974 993 1120 1030 efficere
1147 992 1303 1035 rationi;
1331 992 1494 1036 tertium,

213 1053 267 1097 iis,
288 1053 513 1103 quibuscum
542 1066 826 1104 congregamur,
847 1053 903 1090 uti
929 1053 1121 1090 moderate
1149 1057 1188 1090 et
1216 1052 1384 1096 scienter,
1405 1064 1495 1102 quo-

213 1126 298 1150 rum
328 1113 460 1150 studiis
490 1125 546 1157 ea,
573 1125 656 1162 quae
682 1118 816 1150 natura
839 1113 1038 1156 desiderat,
1061 1113 1211 1163 expleta
1230 1112 1495 1161 cumulataque

214 1173 434 1216 habeamus,
456 1185 524 1223 per
550 1172 790 1222 eosdemque,
812 1173 842 1209 si
865 1172 955 1222 quid
983 1173 1209 1222 importetur
1230 1171 1336 1208 nobis
1355 1171 1495 1208 incom-

213 1232 326 1276 modi,
348 1232 623 1282 propulsemus,
644 1232 941 1281 ulciscamurque
961 1244 1036 1276 eos,
1058 1231 1121 1281 qui
1148 1244 1282 1268 nocere
1306 1231 1413 1269 nobis
1433 1244 1494 1268 co-

214 1292 291 1329 nati
319 1297 416 1335 sunt,
446 1296 625 1341 tantaque
654 1304 769 1342 poena
795 1292 1010 1335 afficiamus,
1031 1296 1211 1342 quantam
1239 1291 1396 1341 aequitas
1423 1291 1493 1328 hu-

214 1352 448 1402 manitasque
468 1351 619 1402 patitur.

266 1471 336 1508 VI.
358 1470 502 1515 Quibus
517 1475 644 1508 autem
664 1470 869 1508 rationibus
889 1470 984 1508 hanc
1003 1470 1223 1508 facultatem
1242 1470 1389 1521 assequi
1408 1483 1493 1521 pos-

214 1531 340 1574 simus,
357 1535 400 1567 ut
418 1530 612 1567 hominum
632 1530 757 1568 studia
772 1530 1068 1580 complectamur
1083 1543 1201 1580 eaque
1221 1535 1426 1575 teneamus,
1440 1531 1494 1568 di-

215 1603 354 1634 cemus,
374 1602 495 1640 neque
515 1590 566 1626 ita
584 1590 704 1627 multo
724 1595 831 1640 post:
861 1589 928 1627 sed
957 1602 1078 1640 pauca
1107 1594 1192 1626 ante
1218 1590 1376 1627 dicenda
1395 1594 1494 1628 sunt.

171 1654 192 1687 2
214 1650 393 1701 Magnam
410 1650 486 1687 iim
505 1662 586 1687 esse
604 1650 641 1686 in
669 1650 850 1687 fortun
863 1662 884 1686 a
907 1649 945 1686 in
963 1654 1161 1700 utramque
1182 1654 1338 1700 partem,
1359 1650 1418 1687 vel
1437 1663 1494 1688 se-

171 1713 192 1747 3
215 1710 361 1747 cundas
371 1709 419 1746 ad
438 1722 509 1753 res,
526 1709 586 1746 vel
604 1709 793 1753 adversas,
809 1709 892 1759 quis
911 1709 1088 1759 ignorat?
1127 1709 1227 1746 Nam
1247 1714 1284 1746 et
1304 1723 1390 1746 cum
1409 1722 1494 1760 pro-

214 1782 324 1819 spero
354 1769 447 1805 flatu
476 1769 557 1818 ejus
586 1769 735 1812 utimur,
757 1768 806 1805 ad
835 1768 956 1805 exitus
986 1768 1226 1818 pervehimur
1253 1773 1427 1818 optatos;
1455 1774 1494 1807 et

171 1831 195 1865 4
216 1841 301 1866 cum
321 1828 477 1871 reflavit,
494 1827 703 1878 affligimur.
752 1828 846 1865 Haec
865 1827 981 1878 igitur
999 1827 1082 1877 ipsa
1099 1828 1251 1864 fortuna
1270 1833 1414 1865 ceteros
1433 1841 1493 1866 ca—

213 1900 278 1940 sus
303 1887 460 1924 rariores
487 1887 614 1931 habet,
635 1887 798 1937 primum
818 1887 866 1925 ab
884 1887 1053 1924 inanimis
1072 1887 1268 1937 procellas,
1288 1892 1492 1938 tempesta-

214 1951 283 1990 tes,
303 1946 509 1998 naufragia,
529 1947 665 1990 ruinas,
686 1946 880 1984 incendia:
911 1946 1046 1983 deinde
1074 1959 1096 1983 a
1121 1946 1247 1984 bestiis
1266 1947 1374 1992 ictus,
1393 1961 1492 1985 mor-

173 2012 194 2045 5
216 2019 290 2050 sus,
311 2006 485 2057 impetuS.
542 2006 639 2044 Haec
660 2019 763 2057 ergo,
779 2011 822 2043 ut
841 2006 926 2049 dixi,
947 2006 1095 2043 rariora.
1143 2006 1199 2043 At
1217 2019 1305 2044 vero
1322 2007 1492 2045 interitus

213 2066 458 2110 exercituum,
473 2071 516 2103 ut
535 2066 702 2117 proxime
721 2067 846 2109 trium,
869 2079 973 2117 saepe
992 2067 1208 2111 multorum,
1230 2067 1357 2104 clades
1375 2067 1492 2118 impe-

213 2130 391 2170 ratorum,
422 2131 466 2163 ut
495 2138 616 2175 nuper
648 2126 783 2163 summi
812 2131 850 2163 et
880 2126 1075 2177 singularis
1105 2126 1182 2170 viri,
1216 2126 1362 2163 invidiae
1395 2140 1493 2177 prae-

213 2190 316 2223 terea
331 2185 588 2228 multitudinis,
604 2190 718 2235 atque
733 2186 780 2222 ob
800 2198 863 2222 eas
882 2185 977 2222 bene
997 2185 1214 2222 meritorum
1234 2199 1338 2236 saepe
1358 2186 1494 2224 civium

213 2245 461 2296 expulsiones,
481 2244 722 2288 calamitates,
743 2244 871 2295 fugae3
900 2257 1104 2294 rursusque
1134 2245 1310 2282 secundae
1334 2258 1406 2290 res,
1425 2245 1492 2283 ho-

214 2317 334 2348 nores,
354 2304 520 2355 imperia,
539 2303 713 2347 victoriae,
731 2316 960 2354 quamquam
978 2304 1133 2341 fortuita
1152 2310 1250 2349 sunt,
1271 2310 1398 2342 tamen
1415 2305 1493 2342 sine

213 2365 408 2402 hominum
437 2364 572 2415 opibus
604 2368 643 2401 et
671 2363 804 2401 studiis
836 2368 1009 2401 neutram
1038 2363 1075 2401 in
1108 2369 1256 2414 partem
1284 2363 1378 2403 effici
1407 2376 1492 2416 pos-

213 2428 313 2462 sunt.
