1674 2754
608 177 721 201 unna
739 177 764 202 1.
823 176 910 202 CAP.
932 178 1053 203 xxvn.
1340 162 1349 173 ²
1459 169 1506 203 35

149 276 218 301 nos
253 275 432 314 geramus
470 263 714 300 summissius.
778 263 974 301 Panaetius
1011 263 1164 314 quidem
1201 265 1437 309 Africanum,
1459 270 1482 303 5

148 322 358 360 auditorem
377 327 416 360 et
434 323 664 377 familiarem.
682 336 805 367 suum,
819 323 980 361 'solitum
994 354 995 357 η
1008 324 1060 361 ait
1088 324 1223 368 dicere,
1243 329 1286 361 ut
1309 337 1437 374 equos,

148 387 305 434 propter
319 383 468 421 crebras
481 383 737 421 contentiones
752 375 973 434 proeliorum
988 383 1182 421 ferocitate
1194 384 1437 428 exsultantes,

148 442 396 481 domitoribus
425 443 576 481 tradere
604 444 761 488 soleant,
782 444 901 481 uthis
929 442 1157 482 facilioribus
1185 444 1331 495 possint
1358 444 1414 481 uti

148 502 200 541 sic
232 503 402 541 homines
435 504 611 542 secundis
644 505 758 542 rebus
790 504 990 542 effrenatos
1023 504 1168 555 sibique
1197 503 1440 555 praefidentes

147 567 343 614 tamquam
370 564 408 601 in
436 577 577 615 gyrum
605 564 758 602 rationis
789 569 827 602 et
857 564 1038 602 doctrinae
1069 564 1157 602 duci
1185 568 1370 615 oportere,
1397 568 1440 601 ut

147 624 403 675 perspicerent
421 637 548 662 rerum
566 625 817 662 humanarum
836 624 1132 662 imbecillitatem
1146 625 1440 674 varietatemque

146 684 322 722 fortunae.
378 685 510 735 Atque
538 684 652 722 etiam
683 685 721 722 in
748 684 1025 722 secundissimis
1052 685 1166 722 rebus
1193 684 1355 721 maxime
1384 688 1441 721 est
1462 688 1483 721 6

147 744 332 782 utendum
352 745 503 782 consilio
523 745 740 789 amicorum,
760 745 894 796 hisque
920 745 1042 796 major
1060 745 1185 789 etiarn,
1207 757 1321 795 quam
1340 748 1439 788 ante,

147 805 347 843 tribuenda
367 805 581 843 auctoritas.
636 805 854 856 Iisdemque
874 805 1113 856 temporibus,
1137 805 1349 842 cavendum
1369 809 1438 848 est,
1462 804 1482 841 7

148 878 195 903 ne
214 865 508 903 assentatoribus
528 866 801 916 patefaciamus
820 878 942 910 aures,
962 878 1057 902 neve
1085 865 1230 902 adulari
1257 878 1325 902 nos
1346 864 1439 902 sina·

149 939 233 963 mus
251 938 258 962 :
287 925 326 962 in
344 939 419 976 quo
437 926 516 963 falli
535 926 643 963 facile
664 931 732 964 est.
789 926 899 963 Tales
928 926 1027 963 enim
1054 938 1122 962 nos
1146 937 1228 962 esse
1249 929 1439 975 putamus,

149 990 193 1023 ut
208 986 294 1039 jure
313 985 524 1023 laudemur.
573 986 631 1023 Ex
651 999 727 1036 quo
742 990 949 1035 nascuntur
968 985 1252 1022 innumerabilia
1272 989 1441 1036 peccata,

150 1059 238 1091 cum
273 1045 442 1083 homines
477 1046 596 1083 inflati
629 1046 863 1098 opinionibus
897 1046 1059 1096 turpiter
1089 1045 1302 1089 irridentur,
1336 1049 1375 1082 et
1406 1045 1443 1082 in

149 1106 321 1143 maximis
339 1110 539 1143 versantur
559 1107 759 1144 erroribus.

203 1225 281 1263 Sed
314 1225 400 1263 haec
435 1226 585 1276 quidem
617 1227 811 1264 hactenus.
868 1225 970 1263 Illud
1002 1230 1131 1263 autem
1164 1225 1216 1263 sic
1251 1229 1309 1263 est
1342 1224 1442 1276 judi·
1464 1230 1486 1263 8

151 1287 326 1331 candum,
347 1286 530 1324 maximas
559 1286 640 1338 geri
666 1299 726 1324 res
755 1291 793 1324 et
820 1286 974 1323 maximi
1001 1286 1114 1323 animi
1141 1286 1190 1324 ab
1217 1285 1272 1330 iis,
1293 1286 1355 1336 qui
1384 1298 1444 1322 res

151 1347 322 1399 publicas
346 1351 492 1398 regant,
514 1346 618 1397 quod
646 1359 776 1385 earum
803 1346 1076 1383 administratio
1106 1346 1285 1383 latissime
1315 1350 1445 1396 pateat

151 1408 201 1445 ad
220 1408 476 1459 plurimosque
497 1407 692 1459 pertineat.
739 1407 834 1444 Esse
854 1411 982 1444 autem
1001 1406 1129 1458 magni
1147 1406 1258 1443 animi
1273 1410 1311 1443 et
1329 1405 1444 1443 fuisse
1465 1410 1487 1443 9

151 1468 291 1506 multos
311 1468 424 1506 etiam
443 1468 480 1505 in
498 1467 575 1505 vita
601 1467 731 1511 otiosa,
753 1467 818 1517 qui
845 1471 911 1504 aut
938 1467 1209 1518 investigarent
1238 1470 1305 1503 aut
1334 1479 1445 1503 cona-

152 1532 282 1565 rentur
308 1540 448 1579 magna
475 1527 667 1578 quaedam,
689 1539 846 1577 seseque
875 1539 1028 1564 suarum
1058 1539 1185 1564 rerum
1203 1526 1339 1563 finibus
1359 1539 1444 1563 con-

153 1588 336 1632 tinerent;
365 1592 432 1639 aut
450 1586 637 1638 interjecti
654 1587 751 1623 inter
770 1586 1018 1636 philosophos
1038 1590 1077 1624 et
1096 1598 1172 1630 eos,
1195 1586 1259 1636 qui
1277 1598 1358 1623 rem
1376 1598 1446 1636 pu-

154 1637 300 1685 blicam⁶
323 1647 636 1690 administrarent,
671 1646 950 1684 delectarentur
981 1659 1022 1683 re
1055 1658 1124 1683 sua
1156 1646 1338 1690 familiari,
1372 1658 1448 1683 non

155 1720 240 1745 eam
267 1707 420 1758 quidem
449 1707 550 1745 omni
577 1706 720 1744 ratione
739 1707 1036 1758 exaggerantes,
1057 1707 1180 1757 neque
1204 1705 1447 1743 excludentes

155 1767 204 1806 ab
236 1768 318 1819 ejus
350 1780 423 1805 usu
455 1780 555 1811 suos,
585 1766 786 1818 potiusque
819 1771 857 1804 et
884 1766 1012 1804 amicis
1045 1766 1303 1817 impertientes
1331 1770 1369 1803 et
1395 1766 1448 1803 rei

155 1829 330 1880 publicae,
361 1827 393 1866 si
419 1827 572 1879 quando
601 1840 693 1864 usus
723 1831 834 1865 esset.
870 1827 988 1872 'Quae
1019 1826 1183 1877 primum
1213 1827 1308 1864 bene
1338 1831 1448 1877 parta
1471 1829 1517 1864 10

155 1889 214 1934 sit,
246 1889 350 1927 nullo
381 1900 505 1939 neque
537 1887 641 1938 turpi
673 1891 839 1938 quaestu,
873 1899 996 1938 neque
1029 1887 1184 1924 odioso:
1219 1891 1302 1924 tum
1334 1899 1449 1937 quam

155 1949 336 2001 plurimis,
357 1948 472 1986 modo
501 1948 635 2000 dignis,
658 1960 698 1985 se
718 1947 850 1985 utilem
878 1947 1073 1998 praebeat:
1104 1946 1449 1998 deinde'augeatur

155 2009 309 2054 ratione,
326 2009 531 2061 diligentia,
548 2007 784 2059 parsimonia,
800 2010 874 2045 'nec
894 2007 1038 2045 libidini
1056 2007 1183 2058 potius
1202 2007 1447 2057 luxuriaequc,

156 2082 271 2120 quam
299 2069 514 2107 liberalitati
540 2072 579 2106 et
606 2068 864 2106 beneficentiae
895 2072 1038 2118 pareat.
1095 2067 1194 2105 Haec
1224 2067 1449 2119 praescripta
1470 2069 1514 2104 11

157 2133 368 2167 servantem
386 2129 475 2167 licet
493 2128 703 2180 magnifiee,
723 2128 889 2179 graviter
916 2128 1157 2178 animoseque
1176 2127 1313 2172 vivere,
1334 2131 1448 2178 atque

157 2189 272 2227 etiam
289 2189 516 2240 simpliciter,
537 2188 708 2232 fideliter,
728 2188 817 2226 vitae
837 2188 1034 2226 hominum
1052 2188 1182 2226 amice.

210 2310 376 2348 XXVII.
408 2310 599 2362 Sequitur,
621 2314 664 2347 ut
683 2310 731 2348 de
751 2322 826 2348 una
853 2309 1005 2360 reliqua
1025 2313 1135 2360 parte
1162 2308 1368 2346 honestatis
1395 2308 1448 2345 di-

160 2370 322 2409 cendum
338 2371 386 2408 sit
400 2383 407 2408 :
428 2370 466 2408 in
480 2383 555 2422 qua
573 2384 598 2409 v
610 2383 631 2408 e
643 2383 662 2408 r
673 2383 694 2408 e
707 2383 727 2408 c
739 2384 766 2408 u
777 2384 802 2407 n
814 2370 839 2408 d
851 2371 863 2408 i
874 2383 896 2407 a
907 2399 917 2414 ‚
938 2374 977 2408 et
996 2370 1103 2421 quasi
1121 2369 1275 2420 quidam
1295 2373 1450 2406 ornatus

159 2430 261 2476 vitae,
295 2430 652 2482 temperantia
684 2435 734 2468 et
766 2430 878 2468 mod
894 2430 1050 2474 estia,
1080 2429 1275 2479 omnisque
1306 2428 1451 2466 sedatio
