1674 2754
174 172 224 207 48
722 181 771 205 nn
800 180 969 205 ormcns

240 270 398 305 tendum
413 272 491 312 est3
520 280 650 305 verum
669 267 829 304 alterum
848 266 1064 304 exercitatio
1078 266 1244 317 augebit,
1261 267 1421 305 alterum
1439 267 1519 305 imi-

199 333 220 365 5
242 327 334 364 tatio
353 340 481 378 presse
501 327 733 378 loquentium
753 332 790 363 et
810 327 950 364 leniter.
1007 326 1111 363 Nihil
1138 326 1210 363 fuit
1236 327 1274 363 in
1300 327 1455 371 Catulis,
1476 332 1520 364 ut

240 399 306 424 eos
325 387 508 437 exquisito
523 387 665 437 judicio
686 392 839 437 putares
860 387 914 423 uti
933 386 1151 430 litterarum,
1168 399 1395 436 quamquam
1414 393 1520 424 erant

240 446 404 491 litterati,
425 447 492 484 sed
521 452 559 484 et
586 447 667 483 alii:
698 446 737 482 hi
763 451 891 482 autem
911 446 1052 495 optime
1071 446 1126 482 uti
1153 446 1280 496 lingua
1299 447 1430 483 Latina
1451 461 1518 497 pu—

198 510 220 543 6
241 507 429 544 tabantur.
477 507 600 544 Sonus
621 512 701 543 erat
722 506 864 549 dulcis;
893 506 1027 543 litterae
1046 518 1167 555 neque
1182 519 1382 556 expressae,
1398 519 1520 556 neque

240 579 443 616 oppressae,
464 580 511 604 ne
539 572 605 603 aut
631 567 835 603 obscurum
860 571 970 609 esset,
992 571 1058 602 aut
1086 565 1270 615 putidum.
1327 566 1413 602 Sine
1433 579 1519 604 con-

198 625 219 663 7
240 627 404 663 tentione
433 640 509 663 vox
535 639 604 663 nec
637 626 832 677 languens,
862 638 930 662 nec
960 637 1106 663 canora.
1162 625 1323 663 Uberior
1341 626 1457 663 oratio
1476 626 1518 663 L.

241 685 377 730 Crassi,
411 699 479 723 nec
510 686 632 723 minus
662 686 785 723 faceta
802 698 810 722 ;
851 686 918 722 sed
951 686 1046 723 bene
1080 685 1258 736 loquendi
1291 685 1338 722 de
1374 685 1520 722 Catulis

198 749 220 782 8
241 745 363 795 opinio
382 759 456 783 non
475 746 605 783 minor.
663 746 751 782 Sale
770 758 859 782 vero
879 750 917 782 et
936 745 1078 783 facetiis
1099 745 1238 789 Caesar,
1260 745 1385 782 Catuli
1404 745 1520 796 patris

239 805 366 849 frater,
396 806 485 842 vicit
517 818 659 849 omnes,
688 810 732 842 ut
763 806 801 842 in
832 805 894 842 illo
925 805 1007 855 ipso
1039 805 1176 842 forensi
1205 818 1344 856 genere
1373 805 1521 842 dicendi

196 869 218 902 9
239 865 494 901 contentiones
527 865 685 901 aliorum
713 877 884 901 sermone
904 865 1078 902 vinceret.
1135 865 1180 902 In
1207 865 1378 902 omnibus
1405 865 1522 916 igitur

238 925 296 962 his
317 925 586 962 elaborandum
607 930 674 968 est,
697 925 726 962 si
753 925 789 961 in
816 925 916 961 omni
934 937 986 968 re,
1007 925 1097 974 quid
1118 925 1260 968 deceat,
1282 925 1519 974 exquirimus.

171 989 218 1022 10
240 985 297 1022 Sit
316 998 406 1036 ergo
426 985 485 1022 hic
506 998 639 1028 sermo,
661 985 698 1021 in
718 998 793 1035 quo
813 984 994 1022 Socratici
1021 984 1180 1021 maxime
1209 984 1408 1028 excellunt,
1429 985 1521 1022 lenis

238 1045 463 1095 minimeque
483 1045 677 1095 pertinax:
707 1045 793 1082 insit
811 1045 848 1082 in
868 1057 912 1081 eo
931 1044 1046 1094 lepos
1104 1044 1186 1081 Nec
1207 1057 1306 1087 vero,
1329 1050 1522 1094 tamquam

174 1109 216 1141 11
239 1105 276 1142 in
305 1105 580 1155 possessionem
606 1118 714 1142 suam
734 1105 887 1148 venerit,
909 1104 1085 1141 excludat
1103 1104 1217 1141 alios:
1247 1104 1314 1140 sed
1335 1117 1420 1141 cum
1439 1105 1521 1141 reli-

239 1165 322 1214 quis
341 1165 379 1201 in
397 1165 521 1208 rebus,
543 1170 626 1201 tum
653 1164 691 1201 in
716 1177 887 1201 sermone
916 1164 1115 1207 communi,
1137 1164 1428 1201 vicissitudinem
1446 1177 1522 1201 non

172 1228 218 1260 12
239 1224 404 1275 iniquam
425 1230 545 1275 putet.
592 1225 653 1261 Ac
673 1223 799 1261 videat
819 1224 856 1260 in
876 1223 1016 1274 primis,
1038 1223 1174 1273 quibus
1193 1223 1240 1260 de
1261 1224 1372 1260 rebus
1392 1223 1505 1274 loqua

172 1287 218 1321 13
241 1289 326 1321 tur:
357 1284 387 1321 si
408 1285 522 1328 seriis,
544 1284 781 1321 severitatem
802 1283 1005 1326 adhibeat;
1034 1283 1065 1320 si
1079 1283 1229 1333 jocosis,
1250 1283 1428 1333 leporem.
1476 1285 1522 1321 In

244 1345 446 1395 primisque
475 1344 684 1394 provideat,
705 1356 752 1380 ne
772 1356 893 1380 sermo
913 1343 1044 1380 vitium
1063 1343 1215 1392 aliquod
1242 1343 1381 1380 indicet
1402 1343 1522 1380 inesse

240 1406 277 1442 in
305 1405 492 1441 moribus:
522 1403 626 1453 quod
654 1404 815 1440 maxime
844 1408 926 1440 tum
952 1403 1048 1440 solet
1067 1403 1225 1446 evenire,
1247 1416 1334 1439 cum
1354 1403 1522 1441 studiose

241 1465 288 1502 de
301 1464 521 1501 absentibus
535 1463 758 1500 detrahendi
773 1475 896 1506 causa,
913 1467 980 1499 aut
995 1475 1063 1512 per
1074 1462 1367 1506 ridiculum‚'aut
1381 1476 1520 1507 severe,

173 1528 220 1562 14
240 1524 422 1561 maledice
442 1523 786 1572 contumelioseque
802 1523 949 1559 dicitur.
997 1522 1198 1559 Habentur
1212 1527 1340 1560 autem
1359 1523 1520 1573 plerum-

239 1596 313 1634 que
343 1595 534 1620 sermones
560 1587 627 1619 aut
646 1582 693 1620 de
714 1582 928 1619 domesticis
956 1582 1125 1632 negotiis,
1147 1587 1213 1618 aut
1232 1581 1279 1619 de
1299 1595 1339 1619 re
1358 1583 1519 1633 publica,

173 1648 220 1682 15
240 1648 306 1681 aut
336 1643 384 1680 de
411 1643 548 1679 artium
576 1642 708 1679 studiis
737 1647 851 1692 atque
878 1642 1060 1679 doctrina.
1116 1642 1252 1678 Danda
1272 1642 1388 1693 igitur
1407 1655 1523 1693 opera

241 1708 310 1746 est,
330 1707 374 1739 ut
393 1703 506 1739 etiam
527 1702 557 1739 si
576 1703 752 1739 aberrare
772 1702 822 1738 ad
849 1702 921 1738 alia
944 1701 1112 1752 coeperit,
1137 1701 1186 1738 ad
1216 1702 1298 1739 haec
1327 1707 1523 1740 revocetur

241 1762 381 1806 orati03
410 1762 478 1798 sed
497 1766 689 1811 utcunque
708 1761 891 1798 aderunt:
921 1773 1043 1810 neque
1062 1761 1160 1798 enim
1178 1761 1310 1798 iisdem
1330 1761 1377 1798 de
1395 1763 1520 1806 rebus,

174 1826 221 1860 16
240 1834 310 1859 nec
329 1821 429 1858 omni
446 1826 629 1871 tempore,
645 1833 713 1858 nec
734 1821 901 1857 similiter
920 1820 1162 1857 delectamur.
1208 1820 1522 1858 Animadverten-

242 1881 335 1919 dum
354 1885 412 1918 est
431 1881 554 1924 etiam,
576 1884 763 1930 quatenus
782 1892 906 1917 sermo
926 1879 1214 1917 delectationem
1237 1880 1389 1924 habeat,
1409 1885 1459 1925 et,
1479 1886 1523 1918 ut

241 1940 443 1992 incipiendi
460 1941 556 1978 ratio
575 1940 699 1984 fuerit,
720 1940 772 1977 ita
791 1940 839 1977 sit
859 1939 1052 1977 desinendi
1070 1939 1218 1977 modus.

291 2060 514 2097 XXXVIII.
536 2059 613 2097 Sed
626 2060 816 2110 quomodo
827 2059 864 2096 in
877 2059 976 2097 omni
985 2059 1060 2096 vita
1071 2058 1274 2096 rectissime
1283 2059 1520 2111 praecipitur,

242 2125 286 2157 ut
304 2119 603 2170 perturbationes
630 2119 831 2170 fugiamuS‚
852 2119 890 2156 id
918 2124 986 2163 est,
1007 2123 1131 2156 motus
1159 2119 1271 2156 animi
1301 2119 1444 2164 nimios,
1464 2133 1522 2157 ra-

243 2180 334 2217 tioni
350 2193 425 2216 non
444 2179 748 2229 obtemperantes
763 2192 772 2222 ;
792 2179 843 2215 sic
863 2179 944 2229 ejus
963 2178 1066 2215 modi
1084 2178 1248 2215 motibus
1268 2191 1390 2216 sermo
1410 2180 1524 2218 debet

242 2251 388 2282 vacare,
409 2251 455 2275 ne
474 2243 540 2275 aut
559 2239 612 2275 ira
635 2238 781 2282 existat,
803 2243 869 2275 aut
897 2238 1083 2288 cupiditas
1111 2238 1246 2288 aliqua,
1267 2244 1333 2276 aut
1360 2239 1522 2290 pigritia,

200 2303 222 2336 2
243 2303 310 2335 aut
336 2298 493 2349 ignavia,
514 2304 581 2334 aut
606 2298 682 2334 tale
709 2297 848 2348 aliquid
876 2302 1067 2348 appareat.
1123 2297 1359 2348 Maximeque
1392 2311 1522 2338 curan-

243 2358 336 2395 dum
355 2363 423 2402 est,
443 2362 487 2395 ut
505 2370 580 2401 eos,
601 2357 825 2407 quibuscum
852 2369 1062 2394 sermonem
1081 2357 1328 2402 conferemus,
1349 2363 1388 2395 et
1405 2358 1522 2396 vereri

203 2422 225 2456 3
243 2423 282 2456 et
300 2418 456 2469 diligere
475 2417 678 2454 videamur.
736 2417 1027 2467 Objurgationes
1048 2417 1161 2454 etiam
1184 2429 1450 2468 nonnunquam
1468 2417 1521 2455 in·
