1674 2754
167 186 218 221 24
721 196 771 220 m:
791 195 960 222 ormcns

236 281 351 319 etiam
379 285 437 319 est
465 280 637 333 ejusdem
665 294 748 319 esse
775 282 944 320 civitatis.
999 281 1123 319 Multa
1147 282 1244 320 enim
1269 288 1356 321 sunt
1375 283 1517 323 civibus

235 341 333 379 inter
359 353 400 379 se
428 342 658 398 communia:
687 342 823 386 forum,
850 343 947 386 fana,
977 342 1154 392 porticus,
1175 343 1390 394 viae‚1eges,
1417 344 1514 394 jura,

232 401 386 453 judicia,
407 402 596 453 suffragia,
627 402 915 440 consuetudines
945 408 1133 452 praeterea
1165 406 1203 439 et
1234 402 1516 447 familiaritates,

236 462 439 512 multisque
459 475 545 499 cum
564 462 691 499 multis
709 474 769 499 res
788 462 1026 512 rationesque
1046 466 1261 500 contractae.

194 526 216 559 3
289 522 422 559 Artior
447 534 536 559 vero
567 522 758 572 colligatio
786 526 844 560 est
873 522 1060 559 societatis
1090 522 1396 572 propinquorum.
1453 522 1518 560 Ab

236 582 300 619 illa
327 582 424 619 enim
453 582 635 619 immensa
660 582 838 620 societate
865 582 1019 619 humani
1038 582 1184 632 generis
1203 582 1240 619 in
1259 582 1436 633 exiguum
1455 595 1518 619 an-

194 645 218 679 4
237 647 469 693 gustumque
485 642 730 680 concluditur.
786 642 888 679 Nam
906 655 992 679 cum
1010 642 1058 679 sit
1077 642 1149 679 hoc
1167 646 1303 679 natura
1321 655 1520 680 commune

239 701 495 747 animantium,
515 707 558 739 ut
576 702 742 739 habeant
768 701 974 739 lubidinem
1002 701 1235 753 procreandi,
1256 702 1378 752 prima
1405 701 1520 740 socie-

238 766 297 798 tas
315 762 353 799 in
370 761 453 812 ipso
473 761 647 813 conjugio
666 766 746 806 est;
774 761 945 812 proxima
968 761 1006 799 in
1032 761 1178 806 liberis;
1208 761 1343 799 deinde
1361 774 1436 799 una
1455 761 1522 799 do·

237 834 334 866 mus,
356 822 570 859 communia
588 821 725 859 omnia.
781 821 828 858 Id
858 826 988 858 autem
1015 826 1074 859 est
1106 821 1331 872 principium
1349 821 1464 866 urbis,
1484 825 1524 858 et

195 888 216 919 5
238 881 346 932 quasi
373 880 615 918 seminarium
638 881 692 918 rei
717 881 892 931 publioae.
950 881 1171 931 Sequuntur
1188 881 1348 919 fratrum
1368 881 1522 932 conjun-

238 941 390 984 ctiones,
412 945 502 991 post
531 940 840 978 consobrinorum
872 940 1205 990 sobrinorumque:
1235 942 1300 991 qui
1331 954 1418 978 cum
1448 953 1524 978 una

239 1001 353 1038 domo
374 1000 455 1052 jam
475 1000 560 1051 capi
577 1013 652 1038 non
677 1000 832 1051 possint,
853 1000 891 1037 in
914 1000 1005 1037 alias
1020 1000 1171 1044 domos,
1191 1005 1388 1050 tamquam
1407 1000 1444 1038 in
1464 1013 1525 1038 co-

196 1065 218 1098 6
238 1061 367 1105 lonias,
383 1065 533 1098 exeunt.
582 1060 803 1111 Sequuntur
818 1060 1004 1098 connubia
1023 1065 1061 1097 et
1080 1060 1294 1098 affinitates:
1325 1073 1372 1098 ex
1390 1060 1526 1110 quibus

239 1121 352 1159 etiam
383 1121 510 1171 plures
536 1121 746 1171 propinqui.
805 1121 900 1165 Quae
929 1121 1156 1171 propagatio
1184 1125 1222 1157 et
1249 1120 1400 1157 suboles
1420 1120 1527 1171 origo

239 1186 298 1219 est
316 1193 441 1218 rerum
461 1181 709 1231 publicarum.
766 1180 966 1231 Sanguinis
986 1185 1114 1217 autem
1133 1179 1347 1230 conjunctio
1367 1184 1405 1216 et
1424 1179 1526 1217 beni-

239 1242 402 1279 volentia
417 1241 579 1279 devincit
598 1241 767 1278 homines
786 1245 824 1278 et
844 1241 1010 1278 caritate.
1070 1240 1253 1291 Magnum
1272 1244 1330 1277 est
1348 1239 1446 1277 enim
1466 1252 1526 1277 ea-

241 1302 329 1340 dem
349 1302 488 1339 habere
507 1305 750 1339 monumenta
769 1300 968 1352 majorum,
985 1299 1126 1337 eisdem
1141 1300 1198 1337 uti
1212 1299 1337 1344 sacris,
1354 1299 1528 1350 sepulcra

240 1363 380 1400 habere
401 1361 626 1405 communia.

199 1423 219 1460 7
294 1421 372 1459 Sed
409 1421 576 1459 omnium
621 1420 844 1458 societatum
880 1420 984 1457 nulla
1029 1419 1270 1471 praestantior
1316 1424 1385 1464 est,
1425 1419 1530 1456 nulla.

242 1482 390 1526 firmior,
412 1494 526 1532 quam
546 1494 632 1519 cum
656 1480 725 1518 viri
751 1481 851 1524 boni,
871 1481 1039 1518 moribus
1067 1480 1217 1524 similes,
1238 1484 1326 1517 sunt
1343 1479 1528 1516 familiari-

241 1546 319 1579 tate
339 1541 539 1592 conjuncti.
595 1540 698 1578 Illud
726 1540 824 1578 enim
854 1540 1055 1578 honestum
1075 1539 1194 1590 (quod
1221 1552 1326 1590 saepe
1354 1538 1528 1591 dicimus)

243 1602 357 1639 etiam
377 1602 409 1639 si
427 1602 465 1638 in
483 1601 555 1638 alio
576 1600 773 1644 cernimus,
794 1604 922 1637 tamen
949 1612 1017 1638 nos
1036 1604 1164 1637 movet
1183 1603 1297 1650 atque
1315 1599 1377 1643 illi,
1398 1599 1436 1640 in
1455 1611 1530 1649 quo

200 1667 222 1701 8
242 1662 281 1700 id
299 1662 420 1700 inesse
438 1661 597 1705 ridetur,
619 1660 758 1698 amicos
785 1660 885 1698 facit.
940 1659 991 1697 Et
1018 1671 1246 1710 quamquam
1275 1659 1394 1696 omnis
1413 1659 1530 1697 virtus

241 1735 311 1760 nos
339 1721 389 1758 ad
419 1734 459 1758 se
486 1721 600 1758 allicit
627 1720 802 1771 facitque,
824 1724 868 1763 ut
895 1732 959 1757 eos
986 1719 1197 1770 diligamus,
1218 1718 1256 1756 in
1284 1719 1421 1769 quibus
1448 1719 1531 1770 ipsa

242 1782 363 1820 inesse
381 1781 575 1818 videatur:
605 1785 732 1818 tamen
758 1779 914 1830 justitia,
935 1783 974 1816 et
991 1779 1194 1818 liberalitas
1214 1778 1252 1815 id
1271 1778 1434 1816 maxime
1454 1778 1531 1815 effi-

200 1846 223 1880 9
245 1841 305 1880 cit.
361 1840 467 1880 Nihil
485 1844 614 1877 autem
633 1844 690 1877 est
709 1839 903 1876 amabilius
921 1851 990 1876 nec
1010 1838 1232 1889 copulatiuS‚
1248 1851 1363 1888 quam
1382 1850 1530 1875 morum

244 1900 451 1938 similitudo
483 1900 679 1940 bonorum.
735 1899 782 1937 In
814 1899 951 1949 quibus
980 1898 1078 1935 enim
1111 1897 1245 1935 eadem
1278 1897 1403 1935 studia
1429 1902 1529 1942 sunt,

245 1960 389 1998 eaedem
419 1960 645 2004 voluntates,
678 1959 716 1999 in
746 1959 805 1996 his
838 1959 891 2003 fit,
925 1962 970 1995 ut
997 1970 1107 2009 aeque
1135 1957 1292 2009 quisque
1320 1958 1438 1995 altero
1466 1957 1530 1995 de·

243 2021 414 2065 lectetur,
435 2033 479 2058 ac
499 2033 538 2058 se
557 2019 661 2070 ipso:
692 2019 924 2070 efficiturque
942 2018 992 2062 id,
1014 2017 1117 2070 quod
1134 2018 1375 2068 Pythagoras
1394 2017 1476 2054 vult
1494 2017 1532 2054 in

179 2085 226 2119 10
246 2080 418 2125 amicitia,
438 2084 482 2117 ut
509 2092 607 2117 unus
639 2079 705 2116 fiat
734 2091 781 2116 ex
811 2078 994 2130 pluribus,
1050 2077 1191 2128 Magna
1218 2077 1330 2115 etiam
1348 2077 1411 2115 illa
1431 2090 1531 2115 com-

245 2140 408 2178 munitas
427 2144 496 2185 est,
517 2152 604 2190 quae
623 2139 815 2177 conficitur
843 2151 890 2176 ex
918 2137 1105 2176 beneficiis
1132 2137 1233 2175 ultro
1258 2141 1297 2174 et
1322 2137 1414 2175 citro
1435 2137 1533 2175 datis

246 2200 504 2251 acceptisque:
533 2212 620 2250 quae
641 2203 680 2236 et
698 2203 830 2236 mutua
848 2202 887 2235 et
905 2201 1015 2249 grata
1033 2196 1125 2234 dum
1144 2201 1243 2241 sunt,
1259 2197 1356 2235 inter
1375 2210 1469 2248 quos
1489 2210 1533 2235 ea

247 2265 336 2298 sunt
353 2260 459 2297 firma
477 2259 737 2296 devinciuntur
755 2258 944 2295 societate.

181 2324 225 2358 11
302 2319 380 2358 Sed
412 2332 500 2357 cum
529 2319 652 2356 omnia
680 2318 823 2356 ratione
851 2317 1048 2368 animoque
1075 2316 1258 2361 lustraris,
1279 2316 1446 2354 omnium
1474 2329 1532 2354 so-

249 2379 429 2418 cietatum
455 2379 559 2416 nulla
587 2383 646 2416 est
675 2377 834 2429 gravior,
855 2377 959 2414 nulla
977 2377 1106 2421 carior,
1127 2389 1242 2427 quam
1261 2389 1317 2421 ea,
1338 2389 1425 2426 quae
1446 2388 1535 2413 cum

182 2443 230 2478 12
250 2452 292 2477 re
311 2439 463 2491 publica
481 2443 540 2476 est
558 2438 755 2489 unicuique
783 2441 966 2475 nostrum.
1022 2436 1110 2474 Cari
1137 2441 1224 2474 sunt
1253 2439 1439 2487 parentes,
1458 2433 1534 2474 eati
