1674 2754
573 194 686 220 unm
703 194 761 221 111.
816 193 904 221 cAP.
924 195 1060 221 xxxm.
1420 188 1491 226 121

138 294 213 333 que
231 294 255 320 a
268 280 483 320 censoribus
497 280 670 319 omnibus
688 280 897 332 ignominiis
915 285 1078 319 notatos.
1135 281 1193 319 Sit
1209 282 1289 333 jam
1307 282 1424 334 hujus
1444 287 1493 324 10

138 342 210 381 loci
226 342 320 380 finis.
363 340 613 392 Perspicuum
641 345 698 378 est
717 341 825 385 enim,
847 353 902 386 ea,
924 353 1010 392 quae
1039 340 1172 378 timido
1199 342 1334 386 animo,
1354 343 1424 380 hu-

138 403 226 447 mili,
247 402 420 446 demisso,
441 402 638 452 fractoque
656 401 747 438 fiant
767 400 896 452 (quale
915 401 1048 439 fuisset
1066 401 1205 453 Reguli
1223 402 1377 446 factum,
1394 403 1426 441 si

137 467 203 501 aut
222 463 271 501 de
290 462 460 514 captivis,
480 462 583 513 quod
610 461 682 513 ipsi
701 474 797 512 opus
825 474 907 499 esse
926 461 1129 506 videretur,
1148 475 1224 499 non
1251 462 1355 512 quod
1373 462 1427 501 rei

138 523 314 574 publicae,
337 522 554 566 censuisset,
575 526 641 559 aut
669 521 772 559 domi
800 534 994 559 remanere
1013 520 1209 573 voluisset)
1229 534 1305 559 non
1343 534 1426 560 esse

137 583 254 628 utilia,
274 583 362 634 quia
381 582 454 620 sint
472 582 668 634 flagitiosa,
689 581 805 626 foeda,
826 582 964 632 turpia.

186 704 372 742 XXXIII.
388 703 522 741 Restat
536 706 670 753 quarta
685 714 785 753 pars,
800 714 887 752 quae
902 701 1049 747 decore,
1062 701 1331 747 moderatione,
1344 715 1425 740 mo·

136 762 268 808 destia,
282 763 520 807 continentia,
533 761 785 813 temperantia
797 762 1019 801 continetur.
1050 762 1185 800 Potest
1196 762 1311 813 igitur
1322 763 1425 813 quic-
1445 766 1468 800 2

135 836 250 874 quam
269 836 350 862 esse
368 822 472 868 utile,
492 821 596 873 quod
615 822 663 860 sit
681 821 769 860 huic
788 822 920 859 talium
941 822 1123 860 virtutum
1144 823 1258 860 choro
1278 827 1425 860 contra-

135 883 261 922 rium?
307 883 429 934 Atqui
446 883 496 921 ab
514 882 713 933 Aristippo
734 881 942 932 Cyrenaici,
959 886 1073 932 atque
1092 882 1284 920 Annicerii
1304 883 1424 933 philo·
1445 886 1468 920 3

135 943 247 994 sophi
274 942 466 986 nominati,
487 955 597 980 omne
615 942 757 979 bonum
785 941 822 979 in
840 942 1036 993 voluptate
1067 947 1288 993 posuerunt,
1308 943 1424 980 virtu-

138 1007 288 1054 temque
318 1007 544 1041 censuerunt
573 1002 622 1040 ob
650 1014 734 1039 eam
761 1014 842 1039 rem
861 1015 943 1040 esse
961 1002 1205 1046 laudandam,
1225 1002 1328 1053 quod
1347 1002 1424 1040 effi-

134 1063 235 1100 ciens
255 1069 355 1100 esset
372 1062 589 1113 voluptatis,
611 1062 748 1112 quibus
768 1062 946 1100 obsoletis
974 1062 1084 1100 floret
1103 1062 1303 1113 Epicurus,
1324 1063 1424 1113 ejus-

134 1122 221 1160 dem
240 1123 319 1160 fere
338 1123 492 1173 adjutor
515 1126 722 1172 auctorque
743 1122 949 1159 sententiae.
999 1122 1097 1158 Cum
1117 1122 1176 1159 his
1195 1122 1282 1159 viris
1302 1122 1423 1172 equis·
1444 1124 1468 1158 4

132 1195 218 1234 que,
238 1184 282 1220 'ut
301 1182 449 1226 dicitur,
470 1181 500 1219 si
520 1182 759 1219 honestatem
784 1181 882 1218 tueri
901 1194 944 1218 ac
964 1181 1123 1218 retinere
1151 1181 1336 1218 sententia
1354 1186 1422 1226 est,

132 1242 404 1281 decertandum
423 1245 492 1279 est.
548 1240 650 1278 Nam
669 1240 700 1278 si
718 1253 794 1278 non
811 1240 926 1278 modo
945 1240 1098 1284 utilitas,
1120 1241 1187 1278 sed
1206 1241 1283 1278 vita
1302 1241 1423 1278 omnis
1444 1246 1467 1280 5

131 1302 254 1346 beata,
276 1301 440 1354 corporis
467 1301 575 1338 firma
598 1300 862 1338 constitutione
882 1301 1040 1351 ejusque
1060 1301 1335 1338 constitutionis
1355 1314 1423 1352 spe

132 1361 339 1413 explorata,
368 1366 413 1399 ut
439 1374 462 1398 a
490 1360 708 1398 Metrodoro
735 1361 919 1411 scriptum
946 1365 1016 1405 est,
1047 1361 1283 1399 continetur:
1322 1366 1423 1399 certe

131 1422 216 1460 haec
233 1422 387 1466 utilitas,
408 1426 447 1459 et
466 1420 619 1471 quidem
639 1433 798 1464 summa,
821 1419 889 1472 (sic
915 1421 1013 1458 enim
1042 1420 1226 1472 censent,)
1249 1434 1336 1458 cum
1354 1422 1422 1458 ho-

132 1486 280 1520 nestate
295 1481 494 1533 pugnabit.
528 1480 630 1518 Nam
643 1480 709 1518 ubi
723 1480 886 1530 primum
902 1481 1114 1531 prudentiae
1124 1481 1229 1518 locus
1243 1481 1421 1519 dabitur?
1442 1484 1465 1519 6

133 1542 208 1586 An,
229 1546 273 1579 ut
292 1541 486 1592 conquirat
504 1540 671 1590 undique
698 1540 933 1578 suavitates?
990 1540 1114 1585 Quam
1142 1540 1254 1578 miser
1273 1540 1421 1578 virtutis
1442 1541 1464 1579 7

133 1601 351 1645 famulatus,
368 1600 561 1638 servientis
577 1599 783 1650 voluptati!
826 1600 938 1645 Quod
953 1605 1080 1638 autem
1099 1613 1237 1638 munus
1257 1600 1420 1650 pruden-

133 1662 222 1700 tiae?
264 1661 330 1699 An
348 1661 474 1713 legere
493 1660 744 1712 intelligenter
758 1660 1002 1711 voluptates?
1045 1660 1122 1697 Fac
1142 1660 1234 1698 nihil
1252 1660 1324 1698 isto
1339 1673 1421 1699 esse

127 1721 334 1773 jucundius
350 1733 358 1758 ε
388 1720 478 1771 quid
498 1721 654 1772 cogitari
673 1725 800 1771 potest
818 1720 997 1771 turpius?
1051 1720 1076 1758 J
1079 1732 1151 1764 am,
1169 1720 1233 1770 qui
1252 1720 1420 1758 dolorem
1441 1725 1463 1758 8

130 1794 323 1820 summum
349 1781 493 1819 malum
513 1780 624 1825 dicat,
645 1780 750 1832 apud
770 1793 856 1818 eum
876 1793 989 1831 quem
1016 1779 1134 1818 habet
1160 1780 1288 1818 locum
1316 1780 1420 1818 sorti·

131 1841 236 1886 tudo,
257 1854 343 1892 quae
368 1845 426 1878 est
445 1840 618 1878 dolorum
645 1840 893 1891 laborumque
921 1840 1183 1891 contemptio?
1239 1840 1419 1885 Quamvis
1440 1844 1462 1878 9

131 1901 230 1948 enim
248 1900 376 1939 multis
395 1900 485 1938 locis
505 1900 606 1938 dicat
624 1900 822 1951 EpicuruS‚
843 1900 952 1938 sicuti
972 1900 1072 1944 dicit,
1094 1900 1184 1937 satis
1203 1900 1350 1938 fortiter
1370 1900 1417 1938 de

131 1960 284 1999 dolore·
311 1964 440 1998 tamen
463 1972 538 1998 non
564 1960 603 1998 id
631 1960 879 2028 spectandum
907 1964 977 2005 est,
997 1960 1088 2010 quid
1108 1960 1219 2004 dicat,
1240 1960 1307 1998 sed
1327 1960 1418 2010 quid

131 2025 424 2059 consentaneum
443 2020 491 2058 sit
510 2020 544 2059 ei
563 2020 697 2065 dicere,
718 2021 782 2071 qui
810 2021 908 2058 bona
927 2021 1124 2071 voluptate
1150 2020 1416 2074 terminaverit,

132 2069 231 2118 mala
251 2080 404 2119 dolore:
433 2085 488 2125 ut,
510 2081 541 2119 si
567 2081 674 2118 illum
701 2080 854 2118 audiam
879 2080 927 2118 de
953 2080 1179 2118 continentia
1205 2084 1245 2118 et
1271 2084 1415 2131 tempe-

131 2140 262 2185 rantia,
282 2140 373 2179 dicit
391 2140 453 2179 ille
471 2141 625 2192 quidem
646 2141 767 2189 multa
785 2141 914 2180 multis
934 2140 1050 2185 locis3
1081 2140 1148 2178 sed
1168 2153 1267 2191 aqua
1282 2140 1415 2185 haeret,

130 2204 175 2238 ut
189 2200 304 2238 aiunt.
351 2200 452 2238 Nam
465 2201 530 2251 qui
550 2205 675 2252 potest
690 2201 977 2252 temperantiam
991 2201 1170 2239 laudare
1161 2214 1204 2246 is,
1221 2201 1284 2251 qui
1300 2204 1416 2251 ponat
1437 2204 1485 2237 10

131 2272 322 2298 summum
335 2260 476 2298 bonum
493 2261 532 2298 in
544 2261 771 2311 voluptate?
823 2261 892 2298 Est
911 2261 1008 2299 enim
1027 2261 1278 2312 temperantia
1296 2259 1415 2298 libidi-

130 2332 222 2358 num
235 2319 392 2363 inimica,
407 2319 577 2358 libidines
592 2326 719 2359 autem
734 2321 1021 2359 consectatrices
1036 2320 1253 2371 voluptatis.
1282 2319 1414 2368 Atque
1437 2322 1453 2355 1
1464 2322 1482 2356 1

130 2378 168 2419 in
194 2379 253 2418 his
279 2384 407 2417 tamen
433 2379 553 2418 tribus
580 2380 792 2432 generibus,
820 2393 972 2431 quoquo
999 2380 1114 2418 modo
1142 2382 1312 2430 possunt,
1341 2390 1416 2415 non

131 2438 302 2479 incallide
322 2438 624 2529 tergiversantur.
679 2439 927 2478 Prudentiam
945 2439 1200 2482 introducunt,
1222 2437 1414 2476 scientiam
1436 2439 1484 2476 12

474 2496 491 2529 1
