1674 2754
601 224 714 248 LIBER
732 224 758 248 1.
815 224 911 249 CAR·
924 226 984 249 xx.
1423 217 1469 253 27

123 308 256 347 tinacia
282 312 321 346 et
347 308 459 346 nimia
489 310 673 360 cupiditas
704 310 934 362 principatus
952 311 1166 349 innascitur.
1222 313 1277 350 Ut
1306 313 1403 350 enim
1423 314 1444 352 '7

119 367 224 419 apud
257 369 456 406 Platonem
487 375 555 414 est,
592 383 739 407 omnem
772 383 915 408 morem
949 371 1320 409 Lacedaemoniorum
1348 374 1400 410 in—

119 428 354 466 flammatum
382 441 464 466 esse
492 430 698 480 cupiditate
727 430 920 468 vincendi:
951 431 1013 474 sic,
1044 436 1086 468 ut
1113 431 1270 482 quisque
1290 433 1400 470 animi

120 488 373 539 magnitudine
419 489 579 526 maxime
612 490 769 534 excellit,
808 490 860 527 ita
901 491 1062 527 maxime
1100 492 1181 528 vult
1227 492 1399 542 princeps

118 548 281 585 omnium
311 549 372 586 vel
404 549 529 599 potius
563 550 664 586 solus
698 562 790 587 esse.
860 550 1017 588 Difficile
1050 556 1177 588 autem
1215 556 1283 596 est,
1314 566 1400 590 eum
1421 558 1442 590 8

116 612 299 666 praestare
330 609 502 646 omnibus
531 610 772 676 concupieris,
802 623 950 647 servare
980 611 1207 661 aequitatem,
1229 624 1315 662 quae
1343 617 1400 649 est

113 667 270 735 justitiae
288 668 450 705 maxime
470 669 633 719 propria.
689 669 746 706 Ex
761 683 836 720 quo
855 670 908 714 fit,
926 675 968 707 ut
988 683 1108 721 neque
1129 671 1398 722 disceptatione
1419 677 1441 710 9

116 727 211 765 vinci
238 740 278 765 se
307 740 376 765 nec
401 728 479 765 ullo
507 729 659 778 publico
687 741 730 766 ac
764 729 931 780 legitimo
955 730 1041 780 jure
1069 731 1282 781 patiantur:
1323 733 1397 769 exi-

115 791 293 838 stuntque
321 787 358 825 in
383 800 423 825 re
449 788 600 838 publica
629 789 851 839 plerumque
881 789 1077 840 largitores
1103 795 1141 828 et
1170 791 1325 837 factiosi,
1355 798 1400 830 ut

114 860 206 898 opes
225 860 339 898 quam
366 848 548 885 maximas
568 854 853 899 consequantur,
875 854 913 886 et
941 850 1014 887 sint
1032 851 1068 888 vi
1087 851 1212 901 potius
1232 853 1397 902 superio-

112 920 182 952 res,
200 920 312 958 quam
328 907 473 958 justitia
491 920 613 958 pares·
670 908 746 946 Sed
766 922 840 959 quo
861 909 1054 953 difficilius,
1076 911 1147 948 hoc
1167 912 1395 962 praeclarius.
1420 917 1466 950 10

113 967 272 1004 Nullum
288 967 386 1004 enim
406 972 464 1004 est
482 973 645 1018 tempus,
658 967 759 1018 quod
776 970 922 1019 justitia
936 983 1069 1007 vacare
1086 970 1234 1009 debeat.
1265 972 1396 1010 Fortes
1420 977 1464 1010 11

113 1026 226 1078 igitur
253 1031 292 1064 et
319 1027 548 1078 magnanimi
575 1033 663 1065 sunt
692 1029 867 1073 habendi,
890 1042 963 1066 non
983 1030 1045 1080 qui
1073 1030 1225 1075 faciunt,
1248 1032 1314 1068 sed
1335 1033 1398 1082 qui

113 1087 336 1138 propulsant
350 1087 535 1138 injuriam.
576 1087 678 1124 Vera
692 1093 820 1125 autem
835 1093 872 1125 et
887 1089 1035 1139 sapiens
1051 1090 1162 1127 animi
1176 1092 1395 1141 magnitudo

112 1147 312 1184 honestum
342 1147 446 1190 illud,
467 1147 569 1197 quod
599 1147 758 1184 maxime
779 1152 913 1184 natura
942 1149 1120 1199 sequitur,
1143 1150 1180 1186 in
1199 1150 1308 1188 factis
1328 1164 1395 1201 po·

112 1206 237 1252 situm,
258 1219 333 1244 non
361 1206 398 1243 in
426 1206 548 1257 gloria
571 1206 728 1257 judicat,
750 1207 1032 1258 principemque
1061 1222 1101 1246 se
1130 1222 1211 1246 csse
1240 1212 1395 1256 mavult,

111 1279 225 1317 quam
252 1266 380 1304 videri.
435 1266 585 1304 Etenim
614 1267 677 1317 qui
705 1279 751 1304 ex
783 1279 907 1305 errore
934 1268 1118 1319 imperitae
1148 1270 1396 1308 multitudinis
1419 1276 1464 1308 12

111 1327 266 1377 pendet,
283 1327 344 1364 hic
364 1326 401 1363 in
420 1326 567 1377 magnis
582 1327 668 1364 viris
688 1340 762 1364 non
782 1332 839 1365 est
858 1327 1067 1367 habendus
1126 1329 1315 1368 Facillime
1331 1326 1395 1368 auss
1419 1336 1464 1369 13

111 1391 190 1424 tem
216 1387 266 1424 ad
291 1399 351 1424 res
375 1386 533 1437 injustas
561 1386 774 1437 impellitur,
804 1392 847 1425 ut
877 1388 1033 1439 quisque
1064 1389 1244 1427 altissimo
1272 1391 1395 1429 animo

112 1452 181 1492 est,
210 1447 340 1499 glorioe
369 1446 587 1498 cupiditate.
646 1447 719 1491 Qui
746 1447 851 1485 locus
880 1453 937 1485 cst
966 1461 1054 1486 sane
1082 1449 1259 1494 lubricus,
1295 1451 1397 1501 quod

111 1507 172 1545 vix
190 1507 388 1551 invenitur,
405 1507 479 1557 qui,
501 1507 693 1544 laboribus
713 1507 898 1557 susceptis
918 1509 1166 1559 periculisque
1185 1510 1306 1554 aditis,
1322 1523 1396 1548 non

111 1565 218 1619 quasi
236 1566 449 1604 mercedem
467 1579 592 1604 rerum
613 1572 806 1618 gestarum
825 1567 1013 1605 desideret
1032 1569 1200 1619 gloriam.

163 1687 247 1725 XX.
278 1686 437 1724 Omnino
451 1685 556 1723 fortis
568 1686 711 1723 animus
727 1691 764 1723 et
779 1699 938 1737 magnus
951 1687 1098 1725 duabus
1113 1689 1224 1727 rebus
1237 1702 1396 1727 mamme

113 1747 297 1785 cernitur:
327 1759 488 1797 quarum
508 1759 583 1782 una
601 1746 639 1782 in
657 1759 782 1783 rerum
802 1752 1040 1785 externarum
1066 1748 1309 1798 despicientia
1329 1763 1394 1800 po-

111 1807 222 1851 nitur,
253 1819 340 1844 cum
359 1806 592 1856 ‚persuasum
624 1806 682 1850 sit,
711 1806 802 1843 nihil
829 1807 1029 1851 hominem,
1050 1808 1119 1844 nisi
1149 1808 1251 1859 quod
1281 1809 1396 1846 hone-

112 1857 216 1905 stum
231 1866 484 1916 decorumque
513 1866 571 1910 sit,
592 1870 659 1903 aut
687 1866 862 1904 admirari
889 1872 955 1904 aut
983 1872 1113 1918 optare
1133 1873 1199 1905 aut
1219 1874 1395 1920 expetere

113 1926 296 1978 oportere,
317 1926 483 1976 nullique
515 1938 637 1976 neque
664 1926 806 1963 homini
833 1939 955 1977 neque
985 1926 1257 1978 perturbationi
1285 1929 1397 1966 animi

112 1999 180 2025 nec
199 1987 361 2025 fortunae
380 1986 635 2029 succumbere,
691 1986 827 2024 Altera
847 1992 905 2024 est
929 1985 999 2031 'res
1021 1992 1075 2032 ut,
1096 2001 1182 2025 cum
1201 1989 1253 2025 ita
1273 1988 1321 2026 sis
1342 1989 1394 2026 af·
1416 1993 1437 2027 2

113 2047 234 2085 fectus
262 2046 396 2091 animo,
416 2051 460 2083 ut
479 2058 593 2096 supra
613 2046 700 2090 dixi,
721 2059 781 2083 res
809 2059 919 2098 geras
947 2060 1104 2099 magnas
1133 2048 1215 2085 illas
1244 2049 1396 2099 quidem

113 2111 152 2144 et
169 2107 329 2144 maxime
348 2106 470 2150 utiles,
490 2105 558 2143 sed
577 2110 620 2143 ut
638 2106 882 2144 vehementer
900 2107 1037 2150 arduas
1057 2108 1262 2159 plenasque
1285 2107 1394 2146 'labo-

112 2179 197 2204 rum
227 2170 265 2203 et
296 2166 548 2217 periculorum
576 2179 663 2204 cum
691 2167 778 2204 vitae
810 2172 891 2205 tum
921 2168 1125 2205 multarum
1153 2181 1289 2212 rerum,
1311 2182 1396 2219 quae

113 2225 162 2263 ad
181 2226 297 2263 vitam
317 2226 514 2277 pertinent.
571 2226 718 2263 Harum
742 2239 866 2264 rerum
887 2228 1047 2265 duarum
1067 2228 1246 2278 splendor
1265 2229 1394 2271 omnis
1417 2233 1437 2265 3

93 2285 338 2336 ¹amplitudo,
359 2285 470 2334 addo,
487 2286 599 2323 etiam
628 2287 840 2331 utilitatem,
872 2287 909 2325 in
940 2288 1145 2338 posteriore
1173 2294 1253 2325 est:
1284 2300 1397 2325 causa

114 2350 243 2382 autem
263 2349 302 2382 et
320 2345 416 2383 ratio
431 2346 591 2383 efficiens
609 2359 770 2397 magnos
785 2347 882 2384 viros
897 2354 954 2384 est
973 2348 1009 2385 in
1030 2348 1163 2399 priore.
1221 2348 1265 2384 In
1280 2360 1324 2384 eo
1340 2351 1397 2384 est

114 2404 212 2442 enim
239 2405 345 2450 illud,
366 2405 469 2456 quod
496 2406 723 2444 excellentes
751 2407 894 2445 animos
914 2412 953 2445 et
971 2408 1138 2445 humana
1159 2411 1396 2445 contemnen-

118 2471 174 2502 tes
190 2464 291 2504 facit.
