1674 2754
168 185 220 220 20
721 196 770 220 Dr:
800 196 968 221 ormcns

194 285 216 317 3
237 279 390 330 plicium
407 281 529 318 redire
547 281 690 325 maluit,
713 294 827 332 quam
845 281 959 318 fidem
977 281 1077 318 hosti
1096 281 1225 318 datam
1243 280 1383 318 fallere.
1432 280 1518 332 [Se-

237 339 360 377 cundo
388 345 514 378 autem
541 341 684 378 Punico
711 341 821 384 bello,
842 345 930 391 post
958 341 1193 384 Cannensem
1220 353 1402 391 pugnam,
1423 353 1518 391 quos

236 399 368 437 decem
387 400 575 438 Hannibal
593 401 757 438 Romam
775 400 947 437 astrictos
965 400 1066 437 misit
1081 400 1166 450 jure
1183 399 1346 450 jurando
1365 412 1406 437 se
1419 399 1518 437 redi-

236 463 340 496 turos
360 472 454 504 esse,
473 460 542 497 nisi
569 460 616 498 de
643 459 870 497 redimendis
889 460 943 504 iis,
963 459 1027 510 qui
1055 459 1156 510 capti
1183 463 1301 503 erant,
1320 459 1517 509 impetras·

236 523 337 563 sent;
367 531 430 557 eos
458 532 599 563 omnes,
621 532 806 563 censores,
826 519 952 569 quoad
984 519 1142 569 quisque
1169 531 1299 556 eorum
1328 518 1430 562 vixit,
1451 517 1516 568 qui
1559 517 1562 521 ’

238 578 481 629 pejerassent,
508 579 545 616 in
577 579 716 617 aerariis
752 579 993 629 reliquerunt.
1048 578 1087 615 N
1089 590 1131 615 ec
1162 578 1286 615 minus
1317 577 1432 621 illum,
1453 577 1520 627 qui

193 641 216 674 4
232 638 326 688 juris
351 638 504 689 jurandi
530 639 663 676 fraude
691 638 842 689 eulpam
870 638 1073 675 invenerat„
1130 637 1228 674 Cum
1253 637 1351 674 enim
1376 636 1518 673 Hanni-

235 698 328 735 balis
357 699 542 748 permissu
561 698 697 735 exisset
724 698 772 735 de
792 698 935 741 castris,
954 697 1065 735 rediit
1092 697 1206 748 paulo
1234 700 1332 747 post,
1354 695 1458 746 quod
1477 708 1519 733 se

193 763 215 795 5
236 758 394 795 oblitum
411 758 536 795 nescio
556 757 646 808 quid
666 758 816 795 diceret.
873 757 1020 810 Deinde
1041 769 1215 807 egressus
1234 768 1254 793 e
1271 756 1412 799 eastris,
1431 755 1519 805 jure

232 817 394 867 jurando
422 830 462 854 se
490 818 655 854 solutum
683 817 855 868 putabat.
910 816 961 853 Et
988 821 1069 853 erat
1095 815 1231 859 verbis,
1252 828 1292 852 re
1319 828 1395 852 non
1422 819 1516 852 erat.

194 880 215 913 6
236 876 395 926 Semper
413 881 540 913 autem
559 876 596 912 in
615 876 700 920 fide,
722 876 814 926 quid
841 875 1010 919 senseris,
1031 888 1107 912 non
1125 874 1216 925 quid
1244 874 1394 918 dixeris,
1416 874 1517 925 eogi-

195 935 215 972 ’ἶ
236 935 404 972 tandum.
452 934 658 972 Maximum
677 940 804 972 autem
823 935 1038 984 exemplum
1057 938 1115 971 est
1130 934 1298 984 justitiae
1317 933 1355 970 in
1372 934 1521 971 hostem

236 1007 259 1031 a
286 994 491 1045 majoribus
528 994 662 1031 nostris
702 994 959 1038 constitutum,
992 1006 1079 1031 cum
1115 1005 1138 1030 a
1173 993 1322 1043 Pyrrho
1362 992 1522 1043 perfuga

237 1054 380 1092 senatui
408 1059 465 1091 est
498 1055 695 1104 pollicitus,
728 1067 767 1090 se
804 1066 991 1091 venenum
1028 1053 1108 1104 regi
1146 1052 1335 1096 daturum,
1365 1057 1404 1090 et
1431 1065 1519 1089 eum

236 1119 467 1151 necaturum.
523 1113 685 1151 Senatus
705 1118 743 1150 et
772 1113 814 1150 O.
835 1113 1029 1151 Fabricius
1057 1112 1256 1163 perfugam
1283 1112 1434 1162 Pyrrho
1454 1111 1519 1148 de-

195 1177 217 1211 8
237 1172 344 1211 didit.
400 1174 460 1210 Ita
487 1185 533 1210 ne
561 1173 678 1210 hostis
697 1173 849 1223 quidem
869 1178 908 1210 et
936 1172 1099 1223 potentis
1119 1176 1158 1208 et
1186 1171 1327 1209 bellum
1346 1171 1448 1208 ultro
1467 1171 1519 1207 in-

236 1233 389 1270 ferentis
418 1232 608 1270 interitum
634 1245 719 1269 cum
747 1232 886 1269 scelere
905 1229 1159 1282 approbavit]
1215 1231 1276 1268 Ac
1304 1230 1352 1268 de
1379 1230 1521 1269 bellicis

237 1292 390 1342 quidem
409 1293 535 1330 officiis
555 1292 644 1329 satis
664 1291 808 1330 dictum
828 1296 896 1329 est.

195 1356 217 1390 9
289 1352 568 1389 Meminerimus
587 1356 725 1395 autem,
742 1352 855 1389 etiam
875 1351 1054 1388 adversus
1073 1350 1218 1387 infimos
1235 1349 1419 1401 justitiam
1438 1362 1521 1387 esse

239 1411 472 1449 servandam.
529 1412 598 1448 Est
617 1417 743 1448 autem
762 1411 888 1448 infima
907 1410 1071 1448 conditio
1092 1415 1129 1448 et
1143 1410 1295 1447 fortuna
1314 1422 1518 1453 servorum,

237 1471 371 1521 quibus
399 1484 472 1508 non
499 1471 596 1508 male
625 1471 851 1521 praecipiunt
879 1470 942 1520 qui
980 1470 1031 1506 ita
1061 1470 1197 1520 jubent
1224 1469 1280 1507 usti
1307 1474 1350 1506 ut
1377 1482 1519 1507 merce-

172 1534 217 1567 10
237 1531 357 1573 nariis,
392 1543 546 1580 operam
588 1530 824 1581 exigendam,
842 1530 946 1580 justa
976 1528 1194 1580 praebenda.
1264 1528 1362 1565 Cum
1393 1533 1520 1566 autem

241 1590 390 1627 duobus
417 1590 550 1633 modis,
570 1589 609 1626 id
637 1595 695 1627 est
722 1594 788 1626 aut
814 1589 851 1626 vi
879 1594 945 1626 aut
972 1588 1118 1631 fraude,
1139 1587 1205 1624 fiat
1232 1588 1388 1638 injuria3
1417 1588 1520 1625 fraus

240 1650 347 1700 quasi
377 1649 601 1700 vulpeculae,
623 1649 678 1686 vis
704 1649 819 1686 leonis
839 1648 1008 1686 videtur:
1043 1652 1246 1697 utrumque
1265 1647 1414 1685 homine
1433 1647 1518 1685 alie-

173 1714 217 1747 11
241 1709 446 1752 nissimum,
468 1709 536 1746 sed
555 1709 660 1746 fraus
679 1709 764 1746 odio
785 1708 899 1759 digna
917 1708 1072 1758 majore.
1128 1707 1257 1744 Totius
1277 1711 1404 1744 autem
1423 1706 1518 1757 inju-

241 1768 353 1805 stitiae
382 1768 484 1805 nulla
513 1768 706 1817 capitalior
733 1771 800 1810 est,
822 1779 935 1817 quam
965 1779 1107 1810 eorum,
1129 1766 1193 1816 qui
1211 1770 1304 1809 tum,
1329 1779 1414 1804 cum
1440 1778 1518 1802 ma-

239 1828 336 1865 xime
356 1827 500 1870 fallunt,
517 1826 555 1864 id
574 1831 703 1877 agunt,
719 1831 764 1864 ut
781 1826 850 1863 viri
868 1825 955 1863 boni
973 1837 1056 1863 esse
1071 1824 1279 1863 videantur.
1334 1824 1394 1862 De
1409 1824 1518 1875 justi·

239 1887 291 1924 tia
310 1886 399 1924 satis
419 1886 563 1924 dictum
583 1890 651 1924 est.

291 2005 397 2043 XIV.
427 2005 628 2056 DeincepS,
648 2009 692 2041 ut
710 2009 791 2042 erat
809 2003 1058 2055 propositum,
1081 2003 1129 2040 de
1157 2002 1446 2041 beneficentia
1473 2016 1517 2041 ac

240 2066 288 2103 de
306 2065 574 2103 liberalitate
589 2064 754 2107 dicatur;
774 2077 848 2114 qua
863 2063 1015 2113 quidem
1029 2063 1118 2100 nihil
1130 2067 1187 2100 est
1199 2067 1345 2100 naturae
1358 2063 1518 2100 hominis

197 2131 217 2164 2
240 2124 577 2163 accommodatius:
607 2123 675 2161 sed
695 2123 811 2160 habet
830 2123 967 2160 multas
986 2122 1189 2160 cautiones.
1227 2122 1444 2159 Videndum
1460 2127 1517 2159 est

239 2185 336 2223 enim
367 2184 539 2234 primum,
559 2196 607 2220 ne
637 2183 734 2220 obsit
763 2182 985 2232 benignitas,
1014 2186 1054 2218 et
1084 2181 1126 2218 iis
1158 2181 1258 2232 ipsis,
1288 2181 1423 2231 quibus
1453 2181 1515 2219 be-

239 2245 349 2296 nigne
368 2243 557 2280 videbitur
575 2242 664 2286 fieri,
686 2247 725 2279 et
745 2242 900 2279 ceteris:
930 2241 1075 2284 deinde,
1095 2253 1142 2278 ne
1169 2241 1288 2291 major
1308 2241 1517 2292 benignitas

239 2304 297 2347 sit,
320 2315 433 2353 quam
451 2303 674 2340 facultates:
704 2306 796 2345 tum,
812 2305 856 2338 ut
874 2313 943 2351 pro
963 2299 1145 2351 dignitate
1165 2300 1298 2350 cuique
1316 2299 1514 2338 tribuatur.

240 2363 287 2401 Id
306 2363 403 2400 enim
422 2367 481 2400 est
504 2361 663 2413 justitiae
683 2360 986 2405 fundamentum,
1006 2359 1056 2399 ad
1075 2371 1189 2410 quam
1215 2359 1301 2399 haec
1319 2358 1517 2397 referenda

238 2427 327 2462 sunt
344 2421 478 2461 omnia.
