1674 2754
106 194 155 233 '76
665 206 714 230 DE
735 205 901 230 ormons

174 294 254 329 nori
291 304 439 330 summo
473 304 596 342 nuper
631 296 760 329 nostro
797 291 926 328 Miloni
962 289 1043 333 fuit,
1082 289 1146 338 qui
1182 288 1450 339 gladiatoribus

175 353 311 403 emptis
341 352 395 389 rei
428 352 589 403 publicae
617 364 741 394 causa,
765 363 851 401 quae
880 350 1002 386 salute
1027 354 1155 386 nostra
1183 348 1451 392 continebatur,

134 418 155 451 5
177 425 304 450 omnes
319 413 362 449 P.
381 412 502 449 Clodii
522 417 676 449 conatus
696 411 914 460 furoresque
930 409 1163 458 compressit.
1201 409 1326 445 Causa
1339 408 1451 458 igitur

176 472 379 523 largitionis
400 477 467 515 est,
498 472 528 508 si
556 476 622 508 aut
650 483 801 508 necesse
835 474 904 513 est,
934 474 999 505 aut
1026 468 1129 505 utile.
1186 468 1232 504 In
1250 468 1308 504 his
1327 473 1452 505 autem

133 536 154 569 6
175 532 264 582 ipsis
284 531 548 569 mediocritatis
569 531 699 581 regula
719 530 861 580 optima
880 534 947 566 est.
1004 529 1046 565 L.
1068 528 1220 578 quidem
1240 527 1453 578 Philippus,

176 592 220 636 Q.
242 592 297 636 F„
318 604 456 642 magno
475 591 530 628 vir
557 590 704 641 ingenio
731 590 769 626 in
797 589 1000 639 primisque
1029 588 1162 631 clarus,
1183 587 1333 638 gloriari
1361 587 1454 624 sole-

176 652 253 696 bat,
283 664 322 689 se
351 652 428 688 sine
455 651 533 688 ullo
559 663 713 687 munere
742 649 923 699 adeptum
952 661 1033 685 esse
1061 647 1194 690 omnia,
1225 659 1310 697 quae
1342 647 1455 684 habe-

134 711 152 749 7
175 716 305 749 rentur
323 711 562 761 amplissima.
610 710 770 747 Dicebat
788 709 888 746 idem
909 709 1034 752 Cotta,
1054 708 1180 745 Curio.
1227 707 1346 744 Nobis
1365 718 1456 756 quo-

176 783 248 821 que
267 771 354 808 licet
372 771 408 807 in
426 771 498 807 hoc
518 769 682 819 quodam
708 769 820 806 modo
849 768 1008 819 gloriari.
1067 767 1168 804 Nam
1190 780 1259 817 pro
1279 766 1456 817 amplitu-

177 831 262 868 dine
290 831 484 872 honorum,
506 842 600 879 quos
628 829 771 866 cunctis
799 828 985 878 suffragiis
1013 827 1142 878 adepti
1169 839 1299 863 sumus
1330 830 1456 863 nostro

176 890 328 940 quidem
358 902 465 932 anno,
487 888 589 939 quod
617 887 776 938 contigit
804 900 934 924 eorum
960 887 1108 930 nemini,
1131 899 1224 936 quos
1252 886 1366 922 modo
1393 898 1457 922 no—

135 955 157 988 8
177 950 324 992 minari,
347 961 436 986 sane
464 949 622 999 exiguus
651 952 824 997 sumptus
851 946 1036 983 aedilitatis
1059 946 1139 983 fuit.
1196 946 1326 995 Atque
1346 945 1457 981 etiam

176 1010 249 1047 illae
276 1010 455 1060 impensae
483 1008 663 1051 meliores,
688 1007 795 1051 muri,
823 1006 979 1050 navalia,
1001 1011 1144 1056 portus,
1165 1017 1346 1055 aquarum
1368 1004 1454 1041 duc-

135 1074 157 1108 9
177 1074 250 1113 tus,
271 1069 481 1118 omniaque,
502 1080 588 1118 quae
607 1067 655 1104 ad
675 1080 786 1104 usum
805 1066 857 1104 rei
885 1066 1046 1116 publicae
1067 1065 1262 1116 pertinent.
1319 1065 1458 1109 Quam-

178 1142 302 1180 quam,
324 1129 425 1179 quod
455 1140 620 1178 praesens
649 1132 843 1177 tamquam
869 1127 906 1163 in
933 1138 1086 1163 manum
1115 1125 1236 1168 datur,
1255 1124 1459 1175 jucundius

115 1194 158 1228 10
179 1195 259 1226 est:
299 1194 423 1225 tamen
450 1188 531 1224 haec
559 1187 596 1224 in
629 1192 824 1237 posterum
852 1186 1026 1236 gratiora.
1082 1185 1254 1227 Theatra,
1282 1184 1459 1234 porticus,

178 1262 275 1287 nova
303 1248 458 1298 templa,
480 1246 727 1284 verecundius
754 1245 1001 1296 reprehend0‚
1030 1249 1185 1295 propter
1211 1244 1459 1294 Pompeium:

181 1309 247 1346 sed
277 1307 481 1345 doctissimi
508 1320 582 1343 non
611 1307 782 1356 probant,
804 1309 846 1342 ut
872 1310 910 1342 et
938 1304 997 1341 hic
1023 1304 1102 1354 ipse
1122 1304 1323 1347 Panaetius,
1345 1316 1459 1353 quem

183 1369 345 1405 multum
378 1368 415 1404 in
447 1367 503 1403 his
536 1367 638 1403 libris
671 1371 823 1403 secutus
856 1378 951 1408 sum,
986 1377 1060 1401 non
1091 1363 1382 1413 interp1·etatus;
1424 1368 1462 1400 et

113 1433 157 1467 11
179 1428 383 1465 Phalereus
416 1426 640 1469 Demetrius,
669 1426 731 1475 qui
760 1425 954 1467 Periclem,
985 1423 1189 1474 principem
1221 1423 1390 1466 Graeciae,
1410 1423 1461 1460 vi-

179 1492 342 1538 tuperat,
370 1486 471 1537 quod
500 1491 644 1523 tantam
675 1485 872 1536 pecuniam
905 1484 942 1520 in
971 1483 1151 1533 praeclara
1179 1483 1241 1519 illa
1269 1483 1463 1533 propylaea

181 1547 392 1598 conjecerit.
450 1545 526 1583 Sed
547 1545 594 1582 dc
614 1546 685 1582 hoc
713 1557 850 1595 genere
878 1549 970 1586 toto,
991 1543 1028 1580 in
1046 1543 1088 1579 iis
1106 1542 1220 1585 libris,
1242 1555 1337 1592 quos
1358 1542 1405 1580 de
1424 1554 1464 1579 re

117 1612 159 1646 12
182 1607 333 1658 publica
361 1606 503 1657 scripsi,
525 1605 725 1656 diligenter
745 1609 803 1641 est
822 1604 1069 1654 disputatum.
1126 1603 1220 1639 Tota
1240 1602 1353 1653 igitur
1370 1602 1465 1639 ratio

185 1667 314 1704 talium
333 1666 572 1717 largitionum
591 1677 727 1716 genere
742 1664 873 1701 vitiosa
892 1668 960 1706 est,
977 1662 1211 1712 temporibus
1230 1662 1464 1707 necessaria3

181 1732 220 1764 et
238 1732 320 1764 tum
339 1726 463 1776 ipsum
478 1731 517 1762 et
532 1725 582 1762 ad
601 1724 800 1761 facultates
814 1721 1135 1760 accommodanda
1149 1726 1188 1759 et
1206 1721 1465 1759 mediocritate

181 1785 416 1824 moderanda
435 1789 503 1822 est.

234 1905 385 1942 XVIII.
415 1904 460 1941 In
479 1903 542 1941 illo
562 1907 690 1941 autem
710 1902 829 1939 altero
848 1913 985 1952 genere
1002 1899 1196 1951 largiendi,
1213 1900 1315 1950 quod
1334 1913 1357 1937 a
1376 1901 1465 1938 libe-

184 1965 331 2002 ralitate
369 1963 627 2015 proficiscitur,
663 1976 737 2000 non
773 1974 848 2000 uno
880 1960 994 1998 modo
1030 1959 1068 1997 in
1100 1959 1312 2010 disparibus
1346 1961 1466 1998 causis

142 2030 165 2063 2
188 2025 313 2062 affecti
346 2037 427 2061 esse
455 2023 647 2060 debemus.
706 2022 795 2059 Alia
822 2033 935 2059 causa
962 2024 1020 2057 est
1047 2019 1140 2070 ejuS‚
1162 2019 1225 2069 qui
1254 2019 1467 2057 calamitate

185 2084 377 2136 premitur,
398 2088 437 2121 ct
464 2083 557 2133 ejus,
579 2083 642 2132 qui
670 2095 729 2119 res
757 2082 928 2118 meliores
956 2079 1100 2130 quaerit,
1121 2079 1234 2116 nullis
1260 2080 1335 2117 suis
1354 2081 1468 2117 rebus

143 2150 164 2183 3
186 2143 361 2182 adversis.
417 2142 643 2193 Propensior
661 2141 871 2192 benignitas
891 2152 972 2178 esse
988 2139 1141 2176 debebit
1163 2139 1200 2176 in
1220 2140 1467 2184 calamitosos,

185 2204 255 2242 nisi
273 2204 370 2241 forte
389 2208 497 2240 erunt
516 2202 618 2253 digni
638 2202 859 2239 calamitate.
916 2200 962 2236 In
988 2199 1031 2235 iis
1059 2203 1196 2242 tamen,
1218 2199 1282 2249 qui
1301 2213 1341 2237 se
1360 2199 1467 2251 adju-

186 2264 264 2301 vari
277 2264 413 2306 volent,
429 2276 504 2299 non
519 2274 564 2299 ne
584 2262 807 2312 affligantur,
824 2260 892 2298 sed
914 2264 954 2296 ut
973 2258 1142 2295 altiorem
1162 2259 1324 2310 gradum
1342 2272 1466 2297 ascen-

188 2324 292 2367 dant,
309 2323 468 2360 restricti
488 2322 636 2359 omnino
656 2334 738 2358 esse
756 2321 860 2358 nullo
878 2319 992 2357 modo
1007 2317 1188 2356 debemus
1203 2331 1210 2356 :
1241 2319 1308 2357 sed
1327 2319 1364 2357 in
1379 2319 1468 2357 deli-

186 2384 318 2435 gendis
338 2382 478 2420 idoneis
490 2382 676 2433 judicium
695 2386 734 2419 et
752 2380 984 2432 diligentiam
1003 2377 1196 2417 adhibere.
1251 2379 1354 2418 Nam
1373 2391 1467 2434 prae-

189 2444 287 2482 clare
306 2443 447 2480 Ennius
464 2455 472 2480 :
