1674 2754
135 198 185 233 90
691 206 740 230 DE
762 205 927 230 ormcns

204 292 433 342 laudentque
461 305 516 336 ea,
538 305 624 342 quae
650 292 840 329 laudanda
864 303 938 327 non
958 289 1042 334 sint,
1063 288 1112 326 ob
1131 300 1224 332 eam,
1246 287 1371 333 credo,
1392 300 1480 326 cau-

205 366 297 396 sam,
318 352 421 402 quod
439 352 525 390 insit
543 352 580 389 in
599 352 655 389 his
675 351 814 401 aliquid
834 350 952 401 probi,
973 349 1076 399 quod
1095 348 1218 399 capiat
1236 347 1396 399 ignaros,
1417 346 1482 398 qui

205 412 368 463 quidem,
405 412 496 462 quid
532 412 569 449 in
605 424 832 461 unaquaque
868 423 907 447 re
945 409 1023 446 vitii
1059 409 1117 452 sit,
1156 412 1344 457 nequeant
1378 407 1480 458 judi-

205 485 301 510 care.
357 473 493 522 Itaque
522 485 608 509 cum
637 478 724 508 sunt
744 470 846 508 docti
866 483 888 506 a
907 469 1047 520 peritis,
1069 469 1254 507 desistunt
1272 470 1380 507 facile
1399 482 1481 507 sen-

204 532 329 570 tentia.
386 532 456 569 IV.
487 532 583 569 Haec
610 531 724 582 igitur
753 530 883 573 officia,
905 530 952 566 de
972 529 1108 579 quibus
1133 529 1191 566 his
1216 529 1317 567 libris
1337 529 1482 566 disseri-

205 605 300 637 mus,
316 592 422 643 quasi
437 591 602 629 secunda
616 591 792 641 quaedam
812 590 969 627 honesta
988 602 1069 626 esse
1085 589 1227 633 dicunt,
1246 602 1320 626 non
1340 589 1483 639 sapien-

205 653 298 690 tium
312 652 426 689 modo
438 651 599 702 propria,
613 650 679 688 sed
695 664 781 688 cum
793 649 892 687 omni
906 649 1099 687 hominum
1111 661 1247 700 genere
1260 649 1481 686 communia.

206 712 342 762 Itaque
368 711 425 748 his
445 724 585 754 omnes,
605 711 642 748 in
661 710 797 760 quibus
826 714 883 747 est
901 709 1048 747 virtutis
1076 709 1230 753 indoles,
1251 721 1485 746 commoven-

164 777 186 810 2
206 777 278 809 tur.
334 772 416 809 Nec
437 784 524 809 vero
553 784 639 808 cum
659 771 735 808 duo
755 770 861 807 Decii
885 774 952 807 aut
971 769 1047 806 duo
1067 769 1259 819 Scipiones
1284 768 1400 805 fortes
1419 767 1487 805 viri

207 835 557 874 commemorantur,
578 835 644 867 aut
672 843 758 867 cum
777 830 968 867 Fabricius
988 834 1054 866 aut
1073 828 1260 866 Aristides
1276 829 1402 879 justus
1421 841 1485 865 no·

207 891 379 934 minatur,
400 895 466 927 aut
493 891 542 928 ab
569 890 639 926 illis
671 889 908 932 fortitudinis,
931 894 998 926 aut
1025 889 1073 926 ab
1103 889 1160 926 his
1185 889 1365 939 justitiae,
1391 893 1486 924 tam-

165 957 187 990 3
208 964 322 1002 quam
342 964 365 987 a
384 950 563 1001 sapiente,
585 949 726 1001 petitur
746 949 972 999 exemplum.
1020 949 1144 986 Nemo
1165 949 1261 986 enim
1280 949 1416 985 horum
1436 947 1488 985 sic

208 1012 367 1062 sapiens,
381 1016 423 1048 ut
442 1010 649 1060 sapientem
664 1010 837 1047 volumus
865 1009 1021 1060 intelligi
1037 1022 1045 1053 ;
1075 1022 1143 1046 nec
1163 1009 1197 1052 ii,
1219 1008 1284 1059 qui
1303 1008 1490 1059 sapientes

207 1072 326 1109 habiti
345 1076 384 1108 et
402 1070 592 1114 nominati,
615 1070 665 1108 M.
691 1070 788 1107 Cato
808 1074 846 1107 et
873 1070 915 1107 O.
937 1069 1086 1113 Laelius,
1108 1069 1296 1119 sapientes
1315 1069 1489 1111 fuerunt3

208 1144 254 1169 ne
273 1131 324 1168 illi
339 1130 491 1181 quidem
511 1135 658 1180 septem
675 1143 682 1167 :
713 1130 780 1167 sed
800 1142 847 1166 ex
865 1129 1073 1167 mediorum
1093 1129 1298 1166 officiorum
1317 1129 1489 1178 frequen-

166 1196 190 1229 4
210 1192 261 1229 tia
279 1189 556 1228 similitudinem
576 1190 766 1240 quandam
794 1190 976 1241 gerebant
996 1189 1235 1240 speciemque
1253 1188 1488 1238 sapientium.

210 1251 394 1297 Quocirca
420 1263 488 1287 nec
517 1250 566 1293 id,
587 1249 691 1299 quod
710 1262 797 1286 vere
823 1250 1023 1286 honestum
1043 1253 1111 1293 est,
1131 1249 1188 1286 fas
1210 1254 1267 1286 est
1288 1262 1374 1285 cum
1393 1248 1490 1285 utili-

209 1311 297 1349 tatis
312 1310 559 1361 repugnantia
575 1309 803 1360 comparari:
832 1321 901 1346 nec
916 1309 967 1354 id,
984 1309 1086 1359 quod
1103 1308 1348 1346 communiter
1362 1308 1490 1359 appel-

209 1371 331 1409 lamus
359 1371 572 1413 honestum,
594 1369 696 1420 quod
725 1369 858 1406 colitur
881 1369 929 1406 ab
949 1369 1002 1412 iis,
1025 1369 1089 1419 qui
1114 1369 1230 1406 bonos
1250 1381 1290 1406 se
1310 1368 1407 1405 viros
1425 1369 1491 1405 ha-

210 1431 290 1469 beri
317 1431 459 1474 volunt,
490 1443 574 1467 cum
607 1429 866 1466 emolumentis
897 1441 1065 1479 unquam
1096 1433 1154 1466 est
1184 1428 1491 1478 comparandum.

168 1497 190 1530 5
211 1492 377 1541 Tamque
405 1490 443 1527 id
470 1490 683 1532 honestum,
705 1489 807 1539 quod
833 1489 870 1526 in
889 1493 1058 1525 nostram
1075 1488 1360 1539 intelligentiam
1380 1487 1491 1531 cadit,

210 1551 394 1589 tuendum
413 1549 785 1599 conservandumque
804 1549 910 1586 nobis
931 1553 998 1592 est,
1020 1561 1134 1598 quam
1153 1548 1257 1592 illud,
1279 1547 1381 1598 quod
1407 1560 1492 1598 pro-

168 1616 191 1650 6
213 1612 292 1662 prie
311 1610 447 1648 dicitur
477 1622 638 1659 vereque
658 1614 715 1646 est
734 1610 946 1652 honestum,
964 1609 1205 1659 sapientibus.
1252 1608 1378 1645 Aliter
1396 1607 1494 1645 enim

211 1671 330 1708 teneri
357 1684 433 1708 non
460 1674 596 1721 potest,
619 1669 649 1707 si
668 1682 742 1720 qua
771 1669 819 1706 ad
844 1669 1023 1706 virtutem
1051 1674 1108 1706 est
1136 1669 1238 1706 facta
1266 1667 1492 1719 progressio.

213 1731 292 1768 Sed
319 1731 400 1768 haec
424 1730 576 1780 quidem
602 1729 649 1767 de
678 1730 732 1773 iis,
763 1729 827 1779 qui
854 1729 1132 1766 conservatione
1166 1729 1372 1766 officiorum
1400 1727 1493 1765 exis-

170 1793 192 1830 7
213 1792 394 1829 timantur
412 1790 509 1828 boni.
566 1790 639 1834 Qui
658 1794 785 1826 autem
804 1789 929 1826 omnia
947 1789 1154 1826 metiuntur
1173 1788 1435 1825 emolumentis
1455 1792 1495 1825 et

213 1850 430 1894 commodis,
451 1862 571 1900 neque
591 1862 636 1886 ea
654 1849 784 1887 volunt
803 1848 1084 1900 praeponderari
1101 1848 1310 1892 honestate,
1331 1847 1355 1884 ii
1374 1847 1495 1885 solent

213 1911 251 1949 in
270 1909 513 1948 deliberando
538 1910 740 1947 honestum
760 1922 846 1946 cum
866 1921 921 1952 eo,
943 1908 1046 1958 quod
1064 1908 1155 1945 utile
1175 1912 1322 1958 putant,
1343 1920 1494 1957 compa-

172 1977 195 2010 8
214 1984 317 2009 rare:
347 1971 434 2009 boni
453 1970 519 2007 viri
537 1983 612 2007 non
631 1969 761 2006 solent.
809 1969 942 2018 Itaque
963 1968 1144 2012 existimo,
1165 1967 1387 2011 Panaetium,
1407 1980 1494 2004 cum

215 2031 361 2074 dixerit,
387 2031 555 2067 homines
589 2030 707 2066 solere
737 2029 774 2066 in
804 2029 874 2066 hac
902 2028 1179 2079 comparatione
1208 2027 1392 2070 dubitare,
1422 2027 1494 2064 hoc

216 2092 341 2142 ipsum
361 2091 528 2134 sensisse,
551 2090 653 2140 quod
673 2089 817 2132 dixerit,
846 2089 964 2126 solere
994 2088 1118 2131 modo,
1139 2099 1214 2124 non
1241 2088 1354 2124 etiam
1386 2099 1495 2137 opor-

173 2156 196 2190 9
216 2156 305 2189 tere,
361 2151 510 2187 Etenim
536 2163 611 2186 non
638 2149 753 2186 modo
780 2148 897 2199 pluris
923 2153 1058 2198 putare
1078 2147 1180 2198 quod
1200 2147 1292 2184 utile
1311 2147 1494 2191 xddeatur,

216 2224 330 2261 quam
349 2210 450 2260 quod
479 2211 691 2253 honestum,
713 2209 780 2246 sed
807 2209 889 2245 haec
916 2209 1029 2245 etiam
1047 2208 1142 2245 inter
1161 2220 1201 2244 se
1221 2219 1439 2258 comparare
1459 2212 1497 2244 et

217 2272 254 2308 in
272 2271 330 2308 his
350 2270 584 2313 addubitare,
607 2268 864 2319 turpissimum
884 2273 952 2306 est.

154 2388 199 2425 10
273 2383 372 2429 Quid
405 2395 497 2433 ergo
525 2386 593 2426 est,
625 2381 728 2432 quod
761 2389 1030 2431 nonnunquam
1062 2379 1334 2418 dubitationem
1365 2379 1497 2417 afferre

219 2444 338 2482 soleat
357 2442 744 2492 considerandumque
759 2441 932 2479 videatur
944 2441 962 2478 ‘2
1011 2440 1149 2485 Credo,
1170 2440 1200 2478 si
1219 2439 1370 2490 quando
1389 2437 1494 2477 dubi-
