1674 2754
624 205 735 230 mmm
754 205 810 229 111.
867 205 954 230 cAP.
976 206 1068 230 xvn.
1463 198 1535 233 105

185 303 208 329 Β
219 302 242 328 ο
254 303 281 328 N
293 302 336 329 Α.
379 291 432 329 Μ.
449 291 545 329 Cato
560 291 783 329 sententiam
795 290 898 335 dixit,
914 291 1029 342 hujus
1047 292 1164 328 nostri
1178 293 1330 330 Catonis
1347 298 1464 343 pater.
1486 297 1508 330 6

183 349 238 389 Ut
255 350 353 388 enim
381 351 493 389 ceteri
524 364 570 389 ex
600 351 780 402 patribus,
802 351 853 388 sic
872 351 944 395 hic,
965 351 1029 402 qui
1055 351 1148 388 illud
1175 351 1302 389 lumen
1330 365 1466 404 proge-

182 410 274 455 nuit,
295 423 343 449 ex
360 411 435 449 filio
454 417 512 449 est
531 411 789 449 nominandus.
846 411 885 448 Is
912 411 1027 462 igitur
1042 411 1161 462 judex
1180 411 1232 448 ita
1251 414 1464 462 pronuntia·
1487 413 1506 451 7

182 471 246 514 vit,
267 484 355 509 cum
373 471 410 509 in
429 471 627 509 vendendo
646 485 726 509 rem
753 484 836 509 eam
863 472 1004 516 scisset,
1026 476 1064 509 et
1082 485 1158 510 non
1176 473 1464 522 pronuntiasset,

182 531 346 582 emptori
365 531 546 569 damnum
574 532 745 583 praestari
763 536 947 582 oportere.
1003 532 1106 582 Ergo
1125 532 1174 569 ad
1193 532 1308 570 fidem
1327 533 1465 570 bonam

181 591 313 629 statuit
345 592 542 643 pertinere,
573 596 706 631 notum
738 594 819 629 esse
849 591 1012 642 emptori
1039 592 1181 637 vitium,
1203 592 1306 643 quod
1338 598 1465 631 nosset

181 651 363 689 venditor.
421 652 531 698 Quod
561 652 592 689 si
619 657 721 689 recte
745 652 940 703 judicavit,
970 666 1045 690 non
1072 657 1173 690 recte
1200 653 1464 691 frumentarius
1485 659 1507 691 8

181 711 253 756 ille,
291 724 367 749 non
402 716 503 750 recte
541 712 678 749 aedium
715 712 968 763 pestilentium
1003 713 1177 750 venditor
1203 713 1331 752 tacuit.
1388 714 1465 752 Sed

181 771 398 822 hujusmodi
433 772 635 810 reticentiae
670 773 756 823 jure
794 773 891 810 civili
928 786 1057 810 omnes
1088 774 1361 824 comprehendi
1388 787 1464 812 non

181 837 360 882 possunt:
390 845 473 883 quae
502 838 629 870 autem
659 837 827 884 possunt,
849 833 1048 884 diligenter
1066 837 1253 871 tenentur.
1310 835 1361 871 M.
1384 835 1464 872 Ma·
1494 839 1515 872 9

179 896 255 930 rius
287 892 539 936 Gratidianus,
570 893 804 944 propinquus
833 898 971 937 noster,
994 893 1036 931 O.
1067 893 1200 944 Sergio
1221 894 1349 931 Oratae
1376 907 1463 932 ven-

179 952 326 990 diderat
345 953 445 990 aedes
465 965 539 996 eaS,
557 966 649 1003 quas
669 953 716 990 ab
737 953 871 990 eodem
890 953 970 1003 ipse
991 953 1120 1004 paucis
1135 958 1222 991 ante
1241 954 1345 991 anuis
1365 967 1463 992 eme-

179 1018 248 1051 rat.
315 1013 381 1050 Eae
417 1013 649 1051 serviebant:
698 1013 766 1051 sed
804 1014 876 1051 hoc
915 1014 952 1051 in
997 1015 1183 1065 mancipio
1221 1016 1362 1053 Marius
1390 1029 1465 1053 non

179 1072 334 1111 dixerat.
381 1073 565 1111 Adducta
580 1086 639 1110 res
655 1073 692 1110 in
702 1074 886 1124 judicium
899 1079 966 1112 est.
1007 1074 1164 1112 Oratam
1181 1075 1352 1120 Crassus,
1369 1076 1462 1113 Gra·
1486 1080 1532 1114 10

178 1133 360 1171 tidianum
380 1133 607 1170 defendebat
626 1133 826 1171 Antonius.
883 1134 908 1171 J
910 1147 954 1171 us
977 1134 1136 1172 Crassus
1164 1136 1337 1186 urgebat,
1360 1136 1462 1186 quod

179 1192 255 1230 vitii
272 1193 443 1230 venditor
461 1206 535 1230 non
554 1192 708 1230 dixisset
727 1194 857 1237 sciens,
874 1193 913 1230 id
929 1199 1104 1244 oportere
1125 1195 1317 1245 praestari:
1350 1196 1462 1246 aequi-

177 1256 295 1290 tatem
331 1252 531 1296 Antonius,
571 1253 748 1303 quoniam
784 1253 822 1290 id
851 1253 983 1291 vitium
1021 1254 1195 1305 ignotum
1224 1255 1360 1306 Sergio
1389 1268 1464 1293 non

176 1312 320 1358 fuisset,
339 1313 415 1364 qui.
431 1313 512 1351 illas
533 1313 633 1350 aedes
654 1313 896 1358 vendidisset,
919 1314 1009 1351 nihil
1041 1314 1157 1352 fuisse
1187 1328 1340 1353 necesse
1369 1316 1462 1353 dici:

176 1385 244 1410 nec
263 1385 350 1411 eum
370 1385 451 1410 esse
471 1373 686 1424 deceptum,
708 1373 772 1424 qui
790 1374 840 1417 id,
858 1372 960 1424 quod
980 1379 1135 1419 emerat,
1155 1388 1231 1426 quo
1247 1375 1333 1427 jure
1353 1382 1462 1420 esset,

176 1437 332 1470 teneret.
389 1433 558 1478 Quorsus
588 1433 700 1471 haec‘?
741 1438 785 1471 ut
816 1434 909 1472 illud
940 1434 1140 1486 intelligas,
1171 1448 1247 1472 non
1277 1436 1463 1487 placuisse
1486 1442 1528 1476 11

177 1493 383 1544 majoribus
402 1493 538 1530 nostris
558 1497 716 1530 astutos.

229 1612 359 1650 XVII.
389 1611 466 1650 Sed
485 1612 592 1649 aliter
610 1611 725 1664 leges,
748 1612 855 1650 aliter
884 1613 1100 1665 philosophi
1129 1615 1265 1653 tollunt
1294 1617 1462 1655 astutias.

178 1672 311 1724 Leges,
332 1677 516 1723 quatenus
534 1685 650 1709 manu
667 1677 794 1710 tenere
823 1679 1000 1723 possunt3
1032 1674 1255 1725 philosophi,
1277 1681 1463 1726 quatenus

177 1733 320 1771 ratione
351 1737 389 1770 et
419 1732 675 1783 intelligentia.
732 1733 842 1770 Ratio
871 1746 962 1784 ergo
992 1735 1172 1784 postulat,
1194 1748 1240 1772 ne
1260 1736 1350 1786 quid
1377 1737 1461 1774 insi-

178 1792 292 1837 diose,
321 1805 368 1830 ne
396 1792 487 1843 quid
521 1793 705 1836 simulate,
728 1805 775 1830 ne
803 1793 894 1843 quid
926 1793 1118 1832 fallaciter.
1177 1795 1322 1833 Suntne
1350 1796 1464 1848 igitur
1484 1802 1505 1835 2

177 1852 318 1891 insidiae
345 1853 500 1891 tendere
519 1853 665 1904 plagas,
686 1853 832 1891 etiamsi
859 1854 1088 1892 excitaturus
1108 1868 1184 1892 non
1211 1856 1261 1893 sis
1288 1869 1357 1894 nec
1385 1857 1462 1908 agi-

177 1913 355 1951 taturus?
411 1913 510 1964 Ipsae
541 1913 640 1950 enim
663 1913 753 1950 ferae
778 1913 882 1952 nullo
909 1914 1127 1965 insequente
1153 1928 1254 1967 saepe
1282 1916 1462 1955 incidunt.

177 1972 239 2012 Sic
271 1978 314 2011 tu
343 1973 444 2012 aedes
472 1973 695 2025 proscribas,
725 1974 907 2019 tabulam,
939 1978 1134 2025 tamquam
1163 1976 1308 2028 plagas,
1330 1989 1460 2027 ponas,

177 2032 333 2072 domum
361 2038 517 2085 propter
535 2034 624 2072 vitia
643 2033 795 2078 vendas,
816 2034 853 2072 in
873 2047 957 2072 eam
977 2035 1109 2086 aliquis
1136 2036 1304 2074 incurrat
1321 2036 1462 2088 impru-

177 2092 300 2131 dens?
347 2094 432 2132 Hoc
445 2107 677 2145 quamquam
688 2094 800 2132 video
815 2100 971 2146 propter
983 2095 1292 2146 depravationem
1306 2109 1461 2135 consue·
1483 2103 1505 2135 3

179 2152 316 2191 tudinis
343 2166 465 2204 neque
483 2167 588 2192 more
615 2159 728 2206 turpe
753 2155 895 2199 haberi,
915 2167 1038 2206 neque
1057 2161 1124 2193 aut
1142 2156 1227 2208 lege
1247 2157 1379 2195 sanciri
1398 2163 1463 2195 aut

173 2213 259 2264 jure
275 2213 391 2251 civili:
411 2218 538 2251 tamen
552 2220 698 2252 naturae
712 2214 796 2266 lege
812 2220 986 2253 sanctum
1001 2220 1068 2254 est.
1110 2216 1280 2254 Societas
1293 2221 1352 2254 est
1366 2217 1462 2254 enim
1483 2220 1505 2254 4

179 2271 299 2325 (quod
332 2272 402 2310 etsi
433 2285 534 2324 saepe
562 2273 706 2312 dictum
733 2279 802 2319 est,
824 2274 1027 2312 dicendum
1058 2281 1185 2313 tamen
1218 2281 1276 2313 ost
1308 2275 1462 2328 saepius)

177 2331 357 2370 latissime
384 2332 536 2382 quidem
564 2346 649 2384 quae
680 2339 820 2384 pateat,
841 2335 1036 2372 hominum
1066 2336 1162 2373 inter
1191 2335 1382 2379 homincs;
1410 2336 1462 2372 in-

177 2391 291 2430 terior
317 2405 458 2437 eorum,
478 2393 544 2443 qui
570 2393 742 2445 ejusdem
770 2395 895 2445 gentis
923 2400 1012 2432 sunt
1026 2408 1035 2439 ;
1065 2395 1218 2446 propior
1237 2407 1379 2438 eorum,
1400 2396 1464 2446 qui

178 2451 349 2504 ejusdem
369 2452 537 2491 civitatis.
593 2454 728 2504 Itaque
757 2454 920 2505 majores
939 2454 1042 2492 aliud
1068 2455 1132 2505 jus
1159 2454 1340 2505 gentium,
1361 2454 1463 2493 aliud
1483 2462 1506 2494 5
