1674 2754
167 220 239 255 102
715 227 764 252 nn
795 227 961 252 ormcns

230 315 282 352 ita
301 314 348 352 de
375 314 534 352 utilitate
553 314 698 357 dicitur,
720 317 763 350 ut
789 313 839 356 id,
860 313 962 363 quod
981 312 1073 350 utile
1091 312 1273 357 videatur,
1293 326 1367 350 non
1395 312 1507 351 modo

230 375 353 411 facere
371 375 571 412 honestum
591 374 649 417 sit,
671 373 739 410 sed
759 373 882 416 etiam,
904 385 978 409 non
997 373 1131 416 facere,
1152 377 1274 423 turpe.
1335 374 1430 411 Haec
1449 379 1508 410 est

230 434 303 478 illa,
325 447 412 485 quae
431 435 580 471 videtur
607 434 755 470 utilium
782 432 860 469 fieri
889 446 975 469 cum
994 433 1159 469 honestis
1192 445 1293 483 saepe
1314 433 1503 471 dissensio.

164 497 210 531 lO
231 494 324 539 Quae
344 494 584 544 dijudicanda
603 497 700 530 sunt.
758 492 846 529 Non
877 493 988 535 enim,
1019 497 1063 529 ut
1092 505 1361 542 quaereremus,
1390 505 1506 544 expo-

164 557 207 590 11
230 554 381 596 suimus,
412 553 479 590 sed
504 557 546 590 ut
576 553 858 602 explicaremus
912 552 1003 589 'Non
1029 552 1146 603 igitur
1166 552 1315 589 videt-ur
1332 565 1402 589 nec
1429 553 1506 589 fru-

228 612 431 650 mentarius
462 613 522 650 ille
543 612 725 656 Rhodios,
746 624 813 649 nec
843 611 902 649 hic
935 611 1073 648 aedium
1091 612 1264 649 venditor
1283 612 1402 648 celare
1432 624 1507 649 em-

229 677 356 723 ptores
369 673 553 710 debuisse.
584 672 717 722 Neque
733 672 831 708 enim
850 671 887 708 id
904 676 962 708 est
979 671 1111 715 celare,
1133 671 1309 722 quicquid
1328 669 1483 708 reticeas
1498 684 1506 709 :

228 732 295 769 sed
315 745 412 776 cum,
434 732 536 782 quod
564 736 608 768 tu
636 732 741 775 scias,
761 732 800 768 id
828 732 1001 782 ignorare
1033 731 1280 768 emolumenti
1311 731 1368 768 tui
1397 744 1510 768 causa

164 796 208 829 12
229 792 318 829 velis
337 804 412 835 eos,
429 805 591 841 quorum
607 791 751 828 intersit
768 791 806 828 id
826 791 931 828 scire.
979 792 1064 828 Hoc
1083 796 1210 828 autem
1232 790 1376 828 celandi
1389 803 1509 842 genus

227 851 338 901 quale
357 851 414 894 sit,
436 855 474 888 et
493 851 600 901 cujus
620 850 790 894 hominis,
808 851 889 900 quis
908 864 983 888 non
996 851 1126 888 videt‘?
1158 852 1271 888 Certe
1284 863 1360 888 non
1375 851 1507 901 aperti,

226 923 301 948 non
320 910 508 961 simplicis,
528 923 604 947 non
630 910 793 960 ingenui,
814 923 888 947 non
913 911 1017 961 justi,
1037 923 1113 948 11011
1132 911 1199 947 viri
1226 911 1339 948 boni:
1370 911 1510 948 versuti

227 970 365 1020 potius,
393 970 553 1014 obscuri,
575 970 702 1013 astuti,
732 969 886 1014 fallacis,
915 971 1098 1014 malitiosi,
1120 970 1253 1015 callidi,
1274 970 1507 1015 veteratoris,

227 1030 331 1068 vafri.
387 1030 481 1067 Haec
509 1034 578 1074 tot,
610 1034 648 1067 et
676 1030 748 1067 alia
775 1030 896 1081 plura,
928 1043 1050 1067 nonne
1078 1030 1206 1067 inutile
1242 1034 1301 1067 est
1333 1030 1509 1068 vitiorum

228 1090 351 1128 subire
370 1090 521 1127 nomina
536 1089 553 1126 ⁶?

280 1209 388 1246 XIV.
419 1208 562 1254 Quodsi
576 1209 824 1259 vituperandi,
836 1209 899 1259 qui
911 1209 1150 1252 reticuerunt,
1163 1208 1252 1258 quid
1267 1208 1314 1246 de
1329 1208 1371 1246 iis
1386 1208 1509 1246 existi-

227 1269 410 1306 mandum
435 1274 503 1312 est,
531 1269 595 1319 qui
625 1282 646 1306 o
658 1282 677 1305 r
689 1281 710 1305 a
722 1268 796 1306 tio
808 1269 884 1306 nis
914 1269 1143 1306 vanitate
1156 1282 1194 1305 m
1227 1268 1508 1306 adhibuerunt?

185 1332 207 1366 2
229 1328 272 1366 C.
298 1328 447 1372 Canius,
468 1341 583 1378 eques
603 1328 807 1373 Romanus,
828 1341 896 1366 nec
915 1328 1108 1372 infacetus,
1130 1332 1168 1365 et
1190 1327 1280 1365 satis
1309 1327 1507 1373 litteratus,

228 1401 314 1425 cum
334 1400 373 1425 se
394 1388 602 1438 Syracusas
622 1388 772 1431 otiandi,
792 1392 835 1425 ut
862 1388 942 1438 ipse
971 1388 1094 1425 dicere
1122 1388 1278 1431 solebat,
1299 1400 1375 1424 non
1393 1400 1508 1438 nego-

227 1448 343 1485 tiandi
363 1460 486 1491 causa,
501 1448 729 1491 contulisset,
747 1447 952 1491 dictitabat,
969 1460 1010 1484 se
1029 1447 1203 1484 hortulos
1224 1447 1366 1497 aliquos
1385 1460 1509 1485 emere

227 1507 332 1550 velle,
355 1520 430 1557 quo
457 1507 613 1544 invitare
644 1507 795 1551 amicos,
817 1511 855 1544 et
874 1507 938 1544 ubi
958 1520 998 1544 se
1018 1507 1205 1544 oblectare
1225 1506 1302 1543 sine
1329 1506 1503 1558 interpel-

186 1572 205 1604 3
226 1567 406 1604 latoribus
435 1571 572 1616 posset.
629 1566 740 1612 Quod
760 1580 846 1604 cum
866 1567 1169 1617 percrebruisset,
1191 1566 1356 1616 Pythius
1376 1566 1410 1604 ei
1427 1567 1507 1617 qui-

227 1626 326 1670 dam,
348 1627 411 1677 qui
437 1626 686 1678 argentariam
713 1626 854 1664 faceret
884 1626 1091 1677 Syracusis,
1112 1625 1261 1663 venales
1289 1625 1441 1676 quidem
1469 1639 1508 1664 se

226 1687 356 1724 hortos
375 1700 450 1724 non
468 1687 619 1729 habere,
641 1686 709 1723 sed
735 1686 846 1724 licere
866 1687 921 1723 uti
941 1686 1069 1729 Canio,
1091 1686 1121 1722 si
1140 1685 1263 1729 vellet,
1284 1690 1328 1722 ut
1347 1685 1443 1723 suis:
1471 1690 1510 1724 et

228 1746 337 1783 simul
367 1747 415 1784 ad
446 1759 593 1784 coenam
620 1747 809 1783 hominem
838 1746 875 1783 in
904 1747 1034 1783 hortos
1053 1745 1221 1782 invitavit
1248 1745 1285 1782 in
1313 1750 1509 1795 posterum

184 1810 208 1844 4
228 1806 338 1843 diem.
396 1806 492 1843 Cum
521 1805 582 1843 1110
611 1806 853 1856 promisisset,
874 1810 956 1842 tum
974 1805 1147 1855 Pythius,
1169 1805 1232 1855 qui
1257 1809 1368 1848 esset,
1390 1809 1433 1842 ut
1451 1817 1507 1843 ar-

227 1865 430 1917 gentarius,
451 1865 554 1916 apud
584 1877 713 1902 omnes
746 1865 894 1902 ordines
925 1865 1130 1915 gratiosus,
1160 1864 1364 1915 piscatores
1392 1864 1441 1901 ad
1467 1877 1508 1902 se

228 1925 457 1969 convocavit,
479 1929 517 1962 et
537 1925 585 1963 ab
604 1925 662 1962 his
682 1924 824 1975 petivit,
845 1929 888 1962 ut
907 1929 993 1961 ante
1013 1936 1100 1961 suos
1127 1923 1298 1961 hortulos
1327 1924 1507 1974 postridie

185 1991 208 2024 5
228 1986 482 2036 piscarentur:
512 1985 692 2035 dixitque,
720 1984 810 2035 quid
840 1997 904 2021 eos
931 1984 1055 2021 facere
1084 1983 1208 2021 vellet.
1263 1983 1331 2021 Ad
1359 1996 1507 2022 coenam

228 2049 398 2095 tempore
416 2045 517 2082 venit
537 2045 697 2082 Canius:
727 2044 881 2095 opipare
910 2057 933 2080 a
961 2043 1101 2093 Pythio
1130 2048 1355 2093 apparatum
1384 2043 1499 2081 convi-

229 2104 349 2142 vium:
371 2104 590 2154 cymbarum
602 2108 688 2141 ante
701 2104 829 2141 oculos
841 2102 1044 2141 multitudo
1058 2115 1066 2139 :
1087 2116 1156 2152 pro
1169 2115 1209 2140 se
1222 2103 1390 2153 quisque,
1405 2103 1507 2154 quod

229 2169 392 2215 ceperat,
423 2163 626 2201 afferebat:
657 2168 743 2200 ante
771 2163 888 2213 pedes
915 2163 1044 2213 Pythii
1072 2163 1193 2213 pisces
1222 2162 1505 2213 abjiciebantur.

186 2229 208 2262 6
228 2225 324 2262 Tum
345 2223 492 2266 Canius,
514 2224 661 2268 Quaeso,
683 2223 811 2273 inquit,
834 2222 924 2272 quid
944 2227 1002 2259 est
1028 2222 1111 2265 hoc,
1132 2222 1279 2272 Pythi?
1308 2227 1506 2259 tantumne

229 2285 396 2336 piscium,
408 2288 602 2321 tantumne
615 2283 864 2333 cymbarum?
902 2282 951 2319 Et
965 2282 1036 2325 ille,
1052 2281 1151 2326 Quid
1162 2281 1298 2319 mirum
1311 2282 1328 2318 ‘?
1364 2282 1484 2332 inquit
1497 2295 1505 2326 ;

229 2346 301 2382 hoc
330 2346 414 2383 loco
443 2349 510 2388 est,
532 2343 728 2394 Syracusis
749 2341 927 2392 quicquid
955 2346 1013 2378 est
1043 2341 1221 2392 piscium:
1252 2341 1312 2378 hic
1332 2341 1504 2391 aquatio:

229 2405 301 2443 hac
312 2405 399 2443 villa
416 2404 476 2442 isti
491 2415 616 2441 carere
635 2415 709 2440 non
728 2406 896 2452 possunt.
951 2402 1130 2438 Incensus
1147 2401 1285 2438 Canius
1300 2399 1506 2451 cupiditate

188 2464 211 2505 ’1
231 2465 422 2504 contendit
440 2477 463 2501 a
480 2463 634 2516 Pythio,
653 2467 696 2501 ut
713 2462 903 2500 venderet.
963 2461 1128 2499 Gravate
1146 2461 1209 2499 illc
1227 2460 1358 2512 primo.
1406 2459 1507 2506 Quid
