1674 2754
86 197 134 231 '18
634 208 683 232 nn
704 207 871 234 ormcns

153 291 230 329 licis
249 292 498 343 imperavisse,
518 297 560 330 ut
579 293 702 330 omnia
729 294 996 344 praeberentur,
1018 294 1228 345 quicunque
1246 292 1425 333 Laciades

152 351 189 388 in
207 351 332 389 villam
351 365 457 390 suam
477 353 706 390 devertisset.

204 472 307 509 XIX.
339 472 433 517 Quae
454 476 580 509 autem
601 485 724 523 opera,
745 486 820 510 non
847 473 1052 524 largitione,
1074 473 1252 511 beneficia
1277 473 1425 517 dantur,

152 532 235 568 haec
246 536 328 568 tum
340 532 377 569 in
388 532 598 569 universam
609 545 687 569 rem
700 533 900 583 publicam,
917 538 995 570 tum
1007 533 1043 570 in
1055 533 1220 584 singulos
1233 533 1331 570 cives
1343 546 1428 570 con-

110 595 132 628 2
152 591 332 629 feruntur.
362 592 463 629 Nam
477 592 512 628 in
525 592 609 642 jure
624 605 767 636 cavere,
783 593 932 630 consilio
942 593 1084 643 juvare,
1099 598 1213 642 atque
1227 593 1298 630 hoc
1314 593 1429 630 scien—

153 651 213 688 tiae
243 664 379 702 genere
409 652 588 702 prodesse
615 665 729 702 quam
757 652 935 703 plurimis,
957 653 1197 690 vehementer
1215 657 1253 689 et
1271 652 1320 689 ad
1340 665 1430 702 opes

110 714 132 747 3
153 711 346 761 augendas
374 711 546 761 peitinet,
567 716 606 748 et
635 711 683 748 ad
713 712 883 762 gratiam.
939 712 1071 762 Itaque
1091 725 1177 749 cum
1195 712 1315 749 multa
1334 725 1431 762 prae-

156 770 256 807 clara
269 771 466 820 majorum,
481 775 562 807 tum
575 771 677 820 quod
693 772 833 820 optime
847 772 1037 809 constituti
1049 772 1141 822 juris
1156 772 1270 809 civilis
1285 784 1431 808 summo

110 832 134 865 4
154 841 302 879 semper
319 830 357 866 in
374 830 514 867 honore
532 830 604 866 fuit
618 831 779 881 cognitio
794 837 906 881 atque
925 831 1203 881 interpretati03
1225 843 1337 881 quam
1352 831 1431 880 qui-

154 888 242 925 dem
271 893 358 925 ante
387 889 483 926 hanc
516 889 770 927 confusionem
798 895 1011 941 temporum
1039 891 1076 927 in
1105 890 1337 941 possessione
1365 902 1433 926 sua

155 948 341 998 principes
369 948 622 985 retinuerunt:
651 962 760 993 nunc,
781 954 825 986 ut
842 950 1014 993 honores,
1034 955 1078 986 ut
1097 963 1224 987 omnes
1243 949 1433 1000 dignitatis

113 1013 134 1045 5
155 1008 308 1058 gradus,
329 1008 381 1045 sic
400 1008 514 1059 hujus
534 1009 698 1046 scientiae
716 1009 894 1059 splendor
913 1009 1058 1046 deletus
1078 1015 1155 1047 est:
1185 1010 1298 1060 idque
1317 1022 1361 1046 eo
1380 1009 1433 1046 in-

156 1068 315 1119 digniuS,
331 1068 432 1118 quod
447 1081 491 1105 eo
507 1073 677 1119 tempore
693 1069 764 1106 hoc
779 1069 946 1120 contigit,
957 1069 1086 1106 cumis
1102 1074 1211 1112 esset,
1228 1069 1291 1120 qui
1306 1081 1435 1106 omnes

157 1128 377 1178 superiores,
412 1128 547 1177 quibus
583 1129 724 1165 honore
756 1141 825 1179 par
861 1134 970 1172 esset,
1005 1129 1155 1166 scientia
1191 1129 1298 1166 facile
1330 1129 1433 1166 vicis-

113 1191 134 1224 6
157 1191 224 1225 set.
281 1187 377 1224 Haec
396 1187 510 1238 igitur
529 1200 653 1237 opera,
670 1193 779 1239 grata
797 1189 934 1231 multis,
952 1193 990 1225 et
1008 1189 1056 1225 ad
1076 1189 1261 1226 beneficiis
1277 1188 1435 1226 obstrin-

114 1247 135 1284 7
156 1247 298 1298 gendos
318 1247 485 1284 homines
504 1248 798 1285 accommodata.
854 1248 985 1298 Atque
1013 1248 1098 1285 huic
1118 1248 1188 1285 arti
1206 1248 1359 1284 finitima
1379 1252 1435 1285 est

157 1307 303 1344 dicendi
322 1307 492 1350 facultas,
509 1312 547 1344 et
565 1307 724 1357 gravior,
741 1312 779 1345 et
799 1308 971 1345 ornatior.
1029 1307 1127 1352 Quid
1143 1308 1240 1344 enim
1260 1308 1434 1358 eloquen-

156 1367 209 1403 tia
241 1366 500 1416 praestabilius,
522 1367 582 1404 vel
615 1367 860 1404 admiratione
890 1367 1133 1410 audientium,
1155 1368 1214 1404 vel
1246 1381 1313 1418 spe
1342 1367 1435 1405 indi-

115 1431 137 1464 8
157 1427 338 1477 gentium,
358 1426 416 1463 vel
446 1439 585 1470 eorum,
607 1426 671 1476 qui
690 1426 833 1464 defensi
861 1431 957 1470 sunt,
978 1427 1130 1478 gratia?
1187 1427 1286 1464 Huic
1306 1440 1395 1478 ergo
1414 1440 1436 1464 a

115 1490 136 1523 9
157 1486 361 1536 majoribus
376 1486 510 1522 nostris
523 1491 579 1522 est
593 1486 630 1522 in
644 1491 735 1536 toga
750 1486 940 1537 dignitatis
954 1487 1183 1537 principatus
1199 1487 1321 1524 datus.
1369 1488 1436 1524 Di-

157 1545 246 1582 serti
273 1546 386 1596 igitur
412 1546 581 1589 hominis,
603 1550 641 1582 et
668 1546 776 1582 facile
803 1546 1017 1590 laborantis,
1039 1546 1217 1596 quodque
1244 1546 1282 1583 in
1309 1547 1437 1596 patriis

159 1610 215 1643 est
233 1605 409 1649 moribus,
431 1606 635 1642 multorum
655 1618 786 1643 causas
806 1610 843 1642 et
862 1618 938 1643 non
957 1611 1113 1656 gravate
1133 1611 1170 1642 et
1189 1606 1353 1657 gratuito
1373 1606 1437 1644 de-

92 1669 137 1704 10
157 1665 354 1709 fendentis,
368 1665 546 1703 beneficia
561 1671 599 1702 et
614 1665 817 1716 patrocinia
833 1665 907 1703 late
923 1670 1064 1715 patent.
1120 1666 1365 1712 Admonebat
1378 1679 1437 1703 me

157 1737 228 1769 res,
247 1729 291 1761 ut
320 1725 392 1762 hoc
427 1738 576 1775 quoque
604 1725 687 1762 loco
716 1725 1026 1762 intermissionem
1055 1725 1287 1774 eloquentiae,
1308 1738 1354 1762 ne
1383 1726 1438 1763 di-

158 1797 240 1822 cam
259 1785 459 1828 interitum,
476 1785 733 1834 deplorarem:
761 1784 799 1821 ni
813 1797 970 1828 vererer,
986 1797 1033 1821 ne
1053 1785 1100 1821 de
1119 1798 1178 1821 me
1197 1785 1280 1835 ipso
1299 1785 1438 1835 aliquid

159 1844 306 1881 viderer
325 1844 440 1894 queri.
497 1844 575 1881 Sed
605 1849 732 1881 tamen
750 1844 932 1887 videmus,
954 1844 1088 1894 quibus
1117 1844 1287 1881 extinctis
1315 1849 1437 1882 orato-

157 1903 273 1947 ribus,
294 1916 409 1953 quam
438 1904 476 1940 in
505 1904 634 1954 paucis
654 1917 751 1954 spes,
773 1908 914 1954 quanto
941 1904 978 1940 in
1007 1903 1245 1954 paucioribus
1264 1904 1436 1948 facultas,

93 1967 137 2001 11
160 1976 273 2014 quam
292 1964 330 2001 in
348 1963 477 2001 multis
497 1964 545 2000 sit
563 1963 730 2001 audacia.
779 1964 877 2000 Cum
897 1968 1023 2000 autem
1042 1975 1169 2000 omnes
1188 1976 1262 2000 non
1282 1964 1437 2014 possint,

159 2036 206 2061 ne
224 2024 332 2061 multi
351 2023 514 2073 quidem,
535 2028 602 2060 aut
630 2023 724 2074 juris
756 2023 865 2073 periti
892 2036 984 2067 esse,
1005 2027 1071 2060 aut
1090 2023 1217 2060 diserti
1230 2036 1238 2067 ;
1267 2023 1355 2060 licet
1381 2028 1437 2061 ta-

159 2095 246 2120 men
265 2095 379 2133 opera
398 2081 576 2133 prodesse
595 2083 733 2126 multis,
755 2083 933 2120 beneficia
952 2087 1154 2133 petentem,
1176 2083 1436 2120 commendan-

159 2147 237 2179 tem
264 2142 464 2193 judicibus,
485 2143 776 2193 magistratibus,
798 2143 1013 2193 vigilantem
1042 2155 1110 2192 pro
1130 2155 1170 2180 re
1189 2142 1352 2187 alterius,
1375 2156 1438 2180 eos

160 2202 273 2253 ipsos,
295 2202 357 2252 qui
385 2207 452 2239 aut
479 2202 734 2245 consuluntur,
757 2207 823 2239 aut
849 2201 1066 2245 defendunt,
1087 2207 1306 2253 rogantem:
1337 2203 1438 2252 quod

161 2262 225 2312 qui
243 2262 395 2305 faciunt,
417 2261 618 2312 plurimum
644 2261 775 2312 gratiae
798 2257 1085 2311 consequuntur,
1106 2262 1359 2312 latissimeque
1378 2275 1434 2299 eo·

95 2326 143 2360 12
165 2335 249 2359 rum
269 2327 398 2359 manat
415 2322 607 2359 industria.
663 2321 750 2360 Jam
777 2321 870 2358 illud
898 2334 974 2358 non
1003 2326 1091 2358 sunt
1118 2321 1346 2359 admonendi
1367 2321 1439 2372 (est

162 2382 260 2419 enim
278 2382 315 2419 in
334 2381 528 2434 promptu)
549 2386 593 2419 ut
611 2381 921 2425 animadvertant,
942 2394 1028 2418 cum
1051 2381 1184 2432 juvare
1204 2381 1294 2419 alios
1313 2381 1438 2426 velint,

96 2446 144 2481 13
163 2454 211 2480 ne
238 2455 333 2493 quos
360 2441 562 2480 offendant.
618 2441 729 2493 Saepe
748 2441 848 2479 enim
879 2444 946 2478 aut
978 2453 1042 2478 eos
1073 2440 1232 2486 laedunt,
1253 2453 1348 2493 quos
1365 2453 1441 2479 non
