1674 2754
151 177 198 212 16
700 184 750 207 DE
778 181 947 207 orneris

217 270 346 321 pediti,
367 283 462 320 quos
488 270 585 307 tueri
612 269 762 312 debent,
785 268 973 306 deserunt.
1030 268 1164 316 Itaque
1190 279 1253 304 eos
1284 279 1331 302 ne
1350 265 1399 302 ad
1419 276 1497 301 rem

218 330 409 381 publicam
442 342 658 367 accessuros
686 328 838 378 quidem
871 331 991 378 putat,
1019 326 1089 363 nisi
1117 331 1278 363 coactos.
1334 324 1499 375 AEquius

217 394 343 427 autem
371 395 462 434 erat,
483 389 522 427 id
550 388 744 426 voluntate
771 387 859 425 fieri.
917 386 1016 424 Nam
1034 387 1106 423 hoc
1134 386 1258 436 ipsum
1285 385 1338 422 ita
1353 385 1499 435 justum

174 455 196 488 5
218 454 286 494 est,
307 450 409 500 quod
437 455 538 486 recte
566 449 620 492 fit,
641 448 671 485 si
690 452 748 485 est
766 446 1026 484 voluntarium.
1084 446 1182 483 Sunt
1209 445 1331 488 etiam,
1352 444 1416 494 qui
1434 448 1500 481 aut

217 509 342 546 studio
379 509 432 546 rei
463 508 653 545 familiaris
692 507 859 550 tuendae,
889 511 955 543 aut
985 505 1070 543 odio
1101 505 1268 556 quodam·
1294 504 1499 547 hominum,

217 582 327 606 suum
346 581 387 606 sc
405 568 598 619 negotium
617 579 729 618 agere
749 566 887 610 dicant,
903 578 950 602 ne
969 565 1092 602 facere
1112 565 1286 614 cuiquam
1304 564 1501 601 videantur

216 628 409 679 injuriam:
439 627 503 678 qui
522 628 640 664 altero
668 639 804 677 genere
824 625 1016 676 injustitiae
1038 629 1183 668 vacant,
1203 624 1241 661 in
1268 624 1428 661 alterum
1446 623 1500 659 in-

218 692 382 725 currunt.
439 688 627 724 Deserunt
659 685 756 723 enim
788 686 875 722 vitae
910 685 1137 727 societatem,
1167 684 1254 734 quia
1285 683 1376 720 nihil
1414 695 1500 720 con-

216 747 343 785 ferunt
362 748 399 784 in
418 760 501 784 eam
519 746 642 789 studii,
663 745 753 782 nihil
772 757 908 795 operae,
929 744 1017 781 nihil
1037 744 1272 781 facultatum.

175 810 197 841 6
272 806 431 852 Quando
450 806 564 857 igitur
583 806 730 843 duobus
759 804 958 856 generibus
986 803 1175 854 injustitiae
1204 802 1414 853 propositis
1435 801 1501 838 ad-

215 865 406 917 junximus
427 878 558 903 causas
577 865 771 915 utriusque
791 864 948 914 generis,
970 876 1107 913 easque
1126 876 1184 900 res
1203 867 1289 899 ante
1309 861 1501 899 constitui-

217 939 313 969 mus,
352 925 489 975 quibus
523 924 670 975 justitia
708 924 979 961 contineretur:
1019 923 1138 966 facile,
1177 922 1280 972 quod
1319 922 1502 972 cujusque

221 986 397 1036 temporis
417 984 579 1022 officium
599 984 658 1027 sit,
680 982 898 1034 poterimus,
919 982 987 1019 nisi
1006 981 1254 1032 nosmetipsos
1273 981 1383 1018 valde
1402 993 1502 1017 ama-

178 1045 197 1082 7
220 1045 353 1089 bimus,
371 1044 552 1095 judicare.
608 1044 678 1080 Est
707 1043 805 1081 enim
836 1042 992 1080 difficilis
1021 1054 1110 1079 cura
1137 1054 1262 1079 rerum
1289 1041 1502 1079 alienarum.

224 1105 462 1154 Quamquam
482 1103 725 1140 Terentianus
745 1103 806 1139 ille
827 1102 1010 1139 Chremes
1029 1101 1183 1138 humani
1201 1101 1291 1138 nihil
1309 1113 1332 1137 a
1351 1112 1391 1137 se
1417 1100 1502 1137 alie-

219 1178 311 1203 num
326 1168 446 1215 putat.
503 1162 580 1200 Sed
600 1167 727 1199 tamen
742 1161 829 1212 quia
848 1161 969 1212 magis
985 1173 1029 1198 ea
1045 1160 1271 1211 percipimus
1290 1164 1403 1210 atque
1422 1172 1502 1197 sen-

221 1226 343 1267 timus,
375 1235 460 1273 quae
488 1222 596 1260 nobis
625 1222 714 1272 ipsis
743 1226 808 1258 aut
836 1233 1018 1271 prospera
1045 1225 1110 1257 aut
1129 1220 1286 1257 adversa
1318 1219 1503 1264 eveniunt,

220 1297 333 1336 quam
359 1283 432 1327 illa,
461 1295 546 1333 quae
577 1281 718 1325 ceteris,
748 1293 834 1331 quae
871 1281 977 1330 quasi
1008 1281 1122 1331 longo
1158 1279 1352 1317 intervallo
1392 1279 1504 1316 inter-

179 1351 200 1383 8
217 1345 320 1396 jecto
341 1342 533 1380 videmus:
565 1342 672 1378 aliter
692 1341 738 1379 de
758 1341 840 1384 illis,
858 1353 900 1377 ac
921 1340 969 1377 de
988 1340 1106 1383 nobis,
1125 1339 1347 1390 judicamus,
1403 1339 1504 1384 Quo-

221 1405 319 1442 circa
356 1404 450 1441 bene
485 1401 728 1452 praecipiunt,
759 1400 822 1450 qui
854 1404 983 1437 vetant
1015 1399 1214 1449 quicquam
1246 1411 1368 1450 agere,
1402 1398 1505 1449 quod

222 1464 370 1501 dubites
397 1474 547 1511 aequum
567 1461 624 1505 sit,
646 1474 693 1497 an
719 1460 898 1510 iniquum.
970 1459 1148 1509 AEquitas
1176 1459 1273 1497 enim
1296 1459 1397 1496 lucet
1423 1459 1506 1510 ipsa

223 1537 290 1575 per
310 1536 360 1566 se,
383 1521 568 1559 dubitatio
589 1520 855 1572 cogitationem
874 1520 1057 1571 significat
1075 1520 1233 1570 injuriae.

274 1644 320 1681 X.
351 1642 427 1680 Sed
464 1641 632 1679 incidunt
674 1653 775 1691 saepe
813 1645 995 1690 tempora,
1026 1653 1112 1677 cum
1145 1652 1200 1684 ea,
1230 1652 1316 1690 quae
1347 1638 1507 1676 maxime

223 1703 396 1740 videntur
416 1702 530 1752 digna
549 1714 632 1738 esse
650 1700 753 1751 justo
772 1700 932 1743 homine,
949 1712 1079 1749 eoque,
1096 1712 1209 1749 quem
1228 1699 1347 1736 virum
1367 1699 1506 1736 bonum

224 1763 394 1804 dicimus,
416 1765 694 1798 commutantur
721 1759 889 1808 fiuntque
922 1759 1118 1802 contraria,
1138 1764 1183 1795 ut
1210 1758 1369 1795 reddere
1392 1758 1507 1808 depo-

225 1822 348 1864 situm,
369 1821 491 1857 facere
512 1819 759 1869 promissum:
789 1831 952 1868 quaeque
971 1818 1158 1868 pertinent
1177 1817 1226 1854 ad
1245 1818 1440 1855 veritatem
1470 1823 1508 1855 ct

182 1887 203 1919 2
224 1881 273 1919 ad
287 1880 411 1923 fidem,
428 1892 472 1917 ea
486 1880 645 1930 migrare
661 1877 850 1915 interdum
870 1882 908 1914 et
926 1890 1000 1914 non
1020 1890 1167 1914 servare
1182 1877 1224 1914 fit
1239 1877 1395 1928 justum.
1434 1878 1507 1914 Re-

224 1941 311 1978 ferri
326 1940 422 1977 enim
438 1939 547 1976 decet
562 1938 611 1975 ad
630 1950 685 1981 ea,
699 1949 785 1987 quae
805 1937 914 1987 posui
936 1937 1127 1987 principio,
1142 1936 1388 1974 fundamenta
1399 1937 1507 1987 justi-

225 2001 318 2038 tiae:
350 2000 523 2050 primum,
539 2003 582 2035 ut
601 2010 646 2034 ne
667 1997 726 2035 cui
745 2001 945 2040 noceatur3
975 1996 1121 2040 deinde,
1141 2001 1186 2033 ut
1205 1997 1392 2033 communi
1412 1996 1508 2034 utili-

183 2066 204 2098 3
226 2061 294 2098 tati
319 2059 511 2097 serviatur.
567 2058 623 2095 Ea
643 2070 729 2094 cum
749 2061 918 2107 tempore
947 2060 1236 2099 commutantur,
1257 2061 1509 2093 commutatur

226 2120 401 2162 officium,
431 2123 469 2155 et
500 2130 574 2154 non
608 2129 756 2166 semper
789 2121 846 2153 est
878 2115 990 2153 idem.
1045 2116 1178 2152 Potest
1211 2115 1309 2152 enim
1340 2115 1509 2153 accidere

227 2179 452 2230 promissum
468 2176 621 2226 aliquod
637 2181 675 2213 et
695 2181 932 2220 conventum,
945 2180 988 2212 ut
1006 2175 1045 2212 id
1065 2175 1159 2212 effici
1178 2175 1225 2212 sit
1243 2175 1371 2212 inutile
1386 2175 1445 2212 vel
1465 2175 1508 2219 ei,

191 2239 286 2277 tnui
319 2238 543 2288 promissum
576 2236 634 2279 sit,
663 2235 723 2272 vel
755 2235 799 2278 ei,
829 2235 891 2285 qui
925 2235 1146 2285 promiserit.
1203 2234 1303 2271 Nam
1335 2234 1375 2278 si,
1397 2240 1441 2271 ut
1474 2235 1511 2271 in

229 2298 363 2335 fabulis
383 2302 450 2340 est,
472 2297 686 2347 NeptunUS,
707 2295 809 2345 quod
837 2295 982 2331 Theseo
1004 2294 1235 2344 promiserat,
1256 2307 1330 2331 non
1349 2294 1509 2338 fecisset,

226 2359 394 2398 Theseus
414 2356 625 2407 Hippolyto
643 2355 718 2392 filio
745 2368 820 2391 non
848 2359 947 2391 esset
975 2355 1141 2391 orbatus.
1197 2353 1255 2390 Ex
1274 2354 1394 2391 tribus
1413 2353 1509 2391 enim

226 2419 379 2473 optatis,
409 2422 452 2455 ut
479 2416 663 2459 scribitur,
692 2415 764 2452 hoc
796 2419 877 2452 erat
906 2414 1070 2457 tertium,
1098 2413 1201 2464 quod
1233 2413 1282 2450 de
1310 2412 1508 2464 Hippolyti
