1674 2754
644 209 757 234 mmm
775 210 801 235 1.
858 209 946 235 CAP.
968 210 1070 236 xmv.
1455 201 1504 236 55

203 303 344 342 XLIV.
373 303 505 354 Atque
530 303 592 348 illi,
614 316 775 354 quorum
804 303 928 340 studia
947 303 1099 354 vitaque
1119 303 1238 340 omnis
1256 303 1294 340 in
1313 316 1438 342 rerum

151 364 362 416 cognitione
381 369 530 402 versata
549 369 617 408 est,
639 369 766 401 tamen
785 364 834 401 ab
854 363 1037 415 augendis
1057 363 1251 400 hominum
1270 364 1436 400 utilitati-

151 425 221 462 bus
237 429 275 462 et
294 425 499 462 commodis
518 437 592 462 non
610 428 855 462 recesserunt.
904 423 1004 461 Nam
1024 427 1062 460 et
1081 423 1323 461 erudiverunt
1341 424 1437 461 mnl-
1459 428 1481 461 2

149 489 221 529 tos,
238 498 314 535 quo
332 485 504 523 meliores
518 485 617 523 cives
636 485 876 535 utilioresque
891 484 1004 521 rebus
1019 483 1095 520 suis
1115 483 1274 534 publicis
1290 488 1435 520 essent:

149 549 194 582 ut
212 545 435 583 Thebanum
454 545 756 596 Epaminondam
775 545 884 595 Lysis
898 544 1178 595 PytliagoreUS‚
1196 543 1440 594 Syracusium

149 605 310 643 Dionem
340 606 451 643 Plato
483 605 667 655 multique
699 597 859 642 multos:
898 617 1042 655 nosque
1069 604 1151 654 ipsi,
1182 603 1361 654 quicquid
1389 603 1439 641 ad

148 679 228 704 rem
249 666 440 717 publicam
459 665 666 709 attulimus,
688 665 719 702 si
737 665 851 703 modo
871 665 1012 715 aliquid
1038 664 1244 709 attulimus,
1266 677 1289 700 a
1308 664 1438 701 docto-

149 727 252 766 ribus
274 731 389 778 atque
409 726 579 764 doctrina
606 725 779 763 instructi
798 725 847 763 ad
872 738 956 763 eam
984 729 1023 762 et
1051 724 1171 762 ornati
1199 724 1437 762 accessimus.

149 787 284 838 Neque
314 787 437 825 solum
465 787 538 824 vivi
565 791 679 837 atque
711 790 917 838 praesentes
945 785 1133 823 studiosos
1163 785 1333 823 discendi
1353 798 1437 822 eru·
1458 789 1481 822 3

148 847 256 885 diunt
274 852 387 898 atque
406 847 554 892 docent,
575 848 642 885 sed
669 849 742 886 hoc
764 847 865 885 idem
885 846 999 884 etiam
1020 852 1107 897 post
1125 850 1287 883 mortem
1305 858 1437 882 monu-

148 908 282 946 mentis
301 908 511 946 litterarum
529 913 801 958 assequuntur:
830 920 899 944 nec
915 906 1013 943 enim
1032 907 1137 943 locus
1156 906 1255 943 ullus
1282 910 1437 956 praeter·
1458 908 1482 942 4

148 968 284 1006 missus
314 973 372 1006 cst
399 969 447 1005 ab
475 968 529 1012 iis,
552 968 616 1018 qui
642 968 692 1005 ad
719 968 838 1019 leges,
860 967 924 1017 qui
943 966 991 1003 ad
1018 979 1154 1010 mores,
1176 966 1241 1016 qui
1259 966 1309 1003 ad
1329 966 1437 1003 disci-

149 1029 290 1080 plinam
317 1028 370 1065 rei
398 1028 561 1078 publicae
590 1029 815 1078 pertineret:
846 1032 890 1064 ut
918 1027 1037 1064 otium
1057 1040 1168 1063 suum
1187 1026 1236 1063 ad
1264 1031 1437 1064 nostrum

147 1089 342 1140 negotium
368 1088 570 1126 contulisse
590 1089 798 1126 videantur.
856 1088 917 1125 Ita
938 1087 989 1124 illi
1006 1086 1078 1137 ipsi
1098 1086 1279 1123 doctrinae
1304 1086 1437 1124 studiis
1458 1092 1481 1126 5

146 1153 186 1186 et
205 1149 396 1199 sapientiae
415 1148 543 1192 dediti,
564 1147 614 1185 ad
633 1148 829 1186 hominum
858 1147 1061 1184 utilitatem
1089 1159 1198 1183 suam
1226 1146 1436 1198 intelligen-

146 1209 238 1246 tiam
253 1209 568 1260 prudentiamque
584 1208 821 1259 potissimum
834 1208 1041 1245 conferunt.
1078 1207 1137 1244 Ob
1151 1219 1310 1257 eamque
1323 1207 1437 1245 etiam
1458 1212 1481 1246 6

147 1281 300 1308 causam
328 1268 453 1320 eloqui
481 1269 642 1319 copiose,
673 1268 787 1306 modo
816 1268 1034 1319 prudenter,
1064 1267 1198 1305 melius
1225 1272 1294 1312 est,
1324 1280 1439 1318 quam

146 1330 207 1368 vel
225 1329 438 1367 acutissime
457 1329 536 1367 sine
555 1329 770 1380 eloquentia
796 1329 964 1379 cogitare
981 1341 989 1373 3
1019 1327 1123 1378 quod
1143 1328 1322 1379 cogitatio
1341 1328 1379 1365 in
1398 1341 1438 1366 se

145 1390 228 1442 ipsa
253 1390 423 1434 vertitur,
451 1389 665 1440 eloquentia
694 1389 959 1440 complectitur
986 1401 1062 1433 608,
1083 1388 1309 1439 quibuscum
1337 1401 1437 1426 com-

145 1450 328 1488 munitate
354 1449 477 1501 juncti
505 1463 647 1488 sumus.
703 1449 837 1500 Atque
865 1453 908 1486 ut
933 1448 1064 1499 apium
1083 1448 1255 1486 examina
1274 1462 1350 1486 non
1368 1450 1436 1486 fin·
1459 1449 1480 1487 7

146 1510 357 1563 gendorum
375 1511 548 1548 favorum
568 1522 681 1548 causa
701 1513 994 1560 congregantur,
1016 1508 1095 1553 sed,
1118 1522 1204 1546 cum
1230 1522 1437 1560 congrega-

146 1571 234 1609 bilia
253 1575 387 1608 natura
406 1570 490 1614 sint,
511 1570 660 1621 fingunt
679 1569 807 1607 favos:
840 1569 892 1606 sic
911 1568 1094 1614 homines,
1115 1581 1159 1606 ac
1182 1569 1304 1606 multo
1323 1569 1437 1606 etiam

146 1631 279 1683 magis,
299 1635 436 1668 natura
464 1629 697 1681 congregati,
719 1629 902 1667 adhibent
920 1628 1060 1680 agendi
1080 1628 1345 1680 cogitandique
1365 1629 1437 1666 sol-

146 1691 305 1730 lertiam.
362 1691 498 1741 Itaque
528 1690 596 1728 nisi
624 1703 668 1727 ea
694 1690 824 1734 virtus,
852 1702 940 1740 quae
970 1693 1117 1727 constat
1147 1702 1195 1727 ex
1224 1689 1437 1727 hominibus
1458 1692 1481 1727 8

146 1751 306 1797 tuendis,
327 1751 367 1789 id
397 1756 456 1789 est
485 1763 532 1788 ex
559 1750 739 1788 societate
767 1750 914 1801 generis
940 1749 1106 1793 humani,
1127 1749 1291 1801 attingat
1310 1749 1436 1800 cogni-

145 1812 286 1850 tionem
303 1824 442 1856 rerum‚
464 1811 632 1868 solivaga
652 1810 815 1862 cognitio
835 1815 873 1848 et
895 1809 1027 1861 jejuna
1045 1809 1243 1854 videatur;
1271 1809 1437 1860 itemque
1458 1814 1480 1848 9

145 1872 367 1924 magnitudo
394 1871 517 1916 animi,
537 1876 684 1909 remota
712 1871 981 1909 communitate
1008 1871 1345 1922 conjunctioneque
1365 1871 1435 1908 hu-

145 1945 268 1978 mana,
293 1932 424 1971 feritas
451 1932 500 1970 sit
527 1931 703 1983 quaedam
731 1936 769 1969 et
801 1931 1022 1970 immanitas.
1080 1931 1141 1969 Ita
1167 1931 1221 1976 fit,
1249 1936 1293 1969 ut
1312 1931 1437 1969 vincat
1459 1935 1505 1970 10

145 1993 366 2046 cognitionis
386 1992 555 2031 studium
575 1992 801 2030 consociatio
826 1992 1022 2030 hominum
1040 1996 1155 2043 atque
1175 1992 1435 2030 communitas.

145 2053 228 2092 Nec
247 2067 381 2092 verum
401 2058 471 2098 est,
493 2052 596 2104 quod
617 2053 754 2091 dicitur
781 2065 803 2090 a
823 2052 1062 2104 quibusdam,
1091 2056 1250 2104 propter
1276 2052 1436 2091 necessi-

145 2118 263 2152 tatem
282 2114 380 2159 vitae,
401 2113 505 2165 quod
534 2126 589 2158 ea,
611 2126 698 2164 quae
726 2118 863 2150 natura
891 2113 1136 2157 desideraret,
1158 2105 1336 2164 consequi
1358 2112 1437 2151 sine

145 2175 226 2212 aliis
257 2179 372 2225 atque
401 2174 547 2212 efficere
576 2187 650 2211 non
678 2186 888 2225 possemus,
909 2173 1049 2211 idcirco
1077 2173 1209 2211 initam
1238 2186 1320 2211 esse
1349 2186 1437 2211 cum

145 2234 360 2272 hominibus
379 2233 689 2272 communitatem
709 2238 747 2271 et
767 2234 1006 2278 societatem3
1036 2234 1150 2284 quod,
1173 2233 1203 2271 si
1229 2233 1352 2271 omnia
1370 2246 1436 2270 no-

146 2295 214 2339 bis,
236 2307 323 2346 quae
349 2294 398 2332 ad
417 2294 559 2332 victum
588 2294 810 2345 cultumque
839 2294 1038 2345 pertinent,
1068 2294 1175 2345 quasi
1206 2294 1352 2344 virgula
1382 2293 1436 2330 di-

146 2355 242 2401 vina,
263 2360 307 2393 ut
325 2355 440 2399 aiunt,
461 2355 809 2406 suppeditarentur,
831 2359 914 2392 tum
934 2355 1078 2405 optimo
1098 2354 1255 2405 quisque
1274 2352 1435 2404 ingenio,

145 2415 305 2468 negotiis
333 2414 506 2452 omnibus
534 2415 692 2460 omissis,
714 2419 838 2453 totum
859 2427 899 2452 se
918 2415 956 2452 in
976 2414 1189 2466 cognitione
1215 2417 1254 2450 et
1281 2412 1437 2451 scientia

146 2476 358 2515 collocaret.
405 2475 490 2513 Non
512 2478 570 2512 est
588 2474 651 2513 ita.
698 2474 799 2512 Nam
818 2479 857 2513 et
876 2474 1116 2512 solitudinem
1135 2474 1296 2525 fugeret,
1318 2477 1357 2511 et
1375 2485 1435 2511 so·
1457 2476 1504 2512 11
