1674 2754
633 202 748 227 mmm
766 202 807 227 11.
864 201 952 227 cAP.
973 202 1083 227 xvm.
1492 187 1536 226 71

425 289 625 338 ΒεηεῙαοίῳ
641 290 737 326 male
756 289 883 331 locata,
904 288 1098 337 malefacta
1117 288 1285 325 arbitror.

190 349 302 396 Quod
320 353 448 387 autem
467 350 653 387 tributum
673 353 730 386 est
760 349 860 386 bono
879 348 958 385 viro
989 352 1028 385 et
1057 351 1178 398 grato,
1199 347 1236 384 in
1255 360 1299 384 eo
1319 360 1407 385 cum
1427 360 1473 384 ex
1492 351 1516 384 4

188 410 271 462 ipso
289 411 435 447 fructus
455 414 524 454 est,
546 414 628 447 tum
649 409 760 446 etiam
781 421 827 445 ex
846 408 990 445 ceteris.
1046 407 1271 444 Temeritate
1300 408 1397 443 enim
1416 420 1471 444 re·
1493 413 1514 445 5

189 475 302 515 mota,
323 470 538 521 gratissima
557 474 615 506 est
644 469 866 512 liberalitas;
899 481 1017 518 eoque
1038 480 1121 504 eam
1140 466 1344 504 studiosius
1364 467 1472 516 pleri-

189 543 263 581 que
282 530 451 574 laudant,
472 529 574 580 quod
595 529 732 566 summi
751 529 934 579 cujusque
963 528 1109 566 bonitas
1130 539 1328 564 commune
1348 527 1474 577 perfu-

189 590 294 642 gium
314 595 373 627 est
392 590 568 627 omnium.
624 589 761 626 Danda
788 589 904 639 igitur
931 600 1047 639 opera
1075 592 1143 631 est,
1164 592 1208 624 ut
1226 587 1269 624 iis
1289 586 1476 624 beneficiis
1496 589 1518 623 6

189 662 303 701 quam
332 650 515 700 plurimos
535 649 751 693 afficiamus,
773 661 935 699 quorum
954 648 1136 685 memoria
1154 647 1278 685 liberis
1299 646 1475 697 posteris-

191 723 264 761 que
293 709 488 762 prodatur,
509 714 553 746 ut
572 709 615 746 iis
634 709 790 760 ingratis
821 721 903 746 esse
933 721 1009 746 non
1035 708 1156 746 liceat.
1213 708 1353 745 Omnes
1381 706 1478 744 enim
1498 706 1518 744 7

189 770 447 808 immemorem
466 769 634 807 beneficii
648 769 820 813 oderunt,
833 781 993 819 eamque
1012 768 1186 819 injuriam
1201 768 1238 805 111
1253 766 1479 805 deterrenda

190 830 415 868 liberalitate
448 829 518 867 sibi
550 829 664 867 etiam
692 829 782 874 fieri,
804 842 978 879 eumque,
999 829 1063 879 qui
1092 828 1217 872 faciat,
1239 839 1478 865 communem

192 890 343 928 hostem
361 890 575 928 tenuiorum
604 894 752 940 putant.
807 889 938 939 Atque
958 890 1045 926 haec
1064 888 1275 939 benignitas
1294 887 1407 925 etiam
1426 886 1480 924 rei
1500 890 1522 924 8

193 951 357 1002 publicae
379 955 437 988 est
456 950 569 995 utilis,
589 950 723 987 redimi
750 962 771 987 e
801 949 980 986 servitute
1012 954 1155 1000 captos,
1177 947 1398 999 locupletari
1425 951 1478 985 te-

193 1011 340 1049 nuiores
357 1023 365 1048 z
395 1011 498 1062 quod
517 1010 670 1061 quidem
692 1010 806 1061 vulgo
836 1010 992 1047 solitum
1024 1009 1104 1046 fieri
1123 1010 1170 1047 ab
1191 1009 1320 1046 ordine
1339 1011 1479 1051 nostro,

192 1071 231 1108 in
263 1071 429 1108 oratione
450 1071 578 1108 Crassi
610 1070 793 1121 scriptum
827 1070 976 1120 copiose
1009 1069 1190 1107 videmus.
1246 1069 1356 1105 Hanc
1390 1080 1481 1119 ergo
1502 1071 1524 1105 9

193 1131 502 1169 consuetudinem
522 1131 763 1181 benignitatis
794 1130 980 1181 largitioni
1009 1142 1209 1166 munerum
1238 1129 1350 1180 longe
1377 1132 1482 1165 ante-

193 1203 305 1242 pono.
362 1190 460 1228 Haec
491 1195 548 1227 est
578 1190 749 1241 gravium
778 1190 973 1227 hominum
1003 1194 1118 1240 atque
1146 1201 1392 1239 magnorum;
1420 1188 1484 1225 illa,

193 1251 301 1302 quasi
331 1255 608 1288 assentatorum
638 1250 780 1302 populi,
801 1250 1049 1287 multitudinis
1076 1250 1269 1287 levitatem
1287 1249 1484 1299 voluptate

194 1311 302 1363 quasi
319 1311 560 1349 titillantium.
591 1311 798 1348 Conveniet
816 1315 944 1348 autem
965 1323 1051 1348 011111
1070 1309 1107 1347 111
1122 1310 1248 1347 dando
1267 1309 1485 1347 munificum
1506 1311 1554 1345 10

195 1385 288 1416 esse,
310 1377 395 1410 tum
421 1371 459 1409 111
489 1371 674 1423 exigendo
703 1384 777 1408 non
797 1371 999 1415 acerbum;
1027 1371 1065 1407 in
1085 1370 1259 1420 omnique
1279 1382 1319 1407 re
1339 1374 1485 1407 contra-

195 1432 331 1476 henda,
352 1431 562 1476 vendendo,
584 1431 754 1475 emendo,
773 1431 1031 1475 conducendo,
1048 1430 1221 1474 locando,
1235 1429 1486 1467 vicinitatibus

196 1497 234 1531 et
253 1492 418 1542 confiniis
439 1504 589 1542 aequum
609 1497 647 1529 et
674 1492 836 1536 facilem,
856 1491 977 1528 multa
1004 1491 1133 1528 multis
1161 1490 1209 1527 de
1233 1490 1318 1540 jure
1339 1502 1407 1527 suo
1427 1501 1486 1527 ce·

197 1553 362 1596 dentem,
391 1565 414 1588 a
446 1551 575 1589 litibus
595 1564 696 1595 vero,
718 1556 903 1601 quantum
934 1551 1055 1595 liceat,
1077 1555 1116 1588 et
1142 1551 1266 1588 nescio
1297 1563 1345 1587 an
1373 1549 1487 1600 paulo

198 1613 284 1663 plus
304 1612 418 1650 etiam
438 1623 551 1662 quam
571 1611 692 1655 liceat,
714 1612 991 1649 abhorrentem.
1047 1611 1118 1648 Est
1146 1610 1243 1648 enim
1271 1623 1345 1647 non
1372 1608 1487 1647 modo
1509 1612 1553 1646 11

198 1672 363 1714 liberale,
385 1671 540 1722 paulum
568 1684 835 1722 nonnunquam
854 1671 902 1708 de
923 1684 990 1709 suo
1015 1671 1101 1722 jure
1122 1670 1317 1714 decedere,
1339 1669 1406 1707 sed
1433 1669 1487 1706 in-

198 1722 349 1771 terdum
369 1731 482 1770 etiam
502 1731 752 1770 fructuosum.
808 1731 997 1769 Habenda
1025 1735 1152 1768 autem
1172 1730 1266 1768 ratio
1286 1734 1344 1768 est
1362 1730 1415 1767 rei
1434 1729 1487 1766 fa-
1512 1733 1558 1766 12

199 1792 360 1836 miliaris,
374 1804 488 1842 quam
503 1791 655 1842 quidem
671 1791 785 1829 dilabi
804 1792 935 1836 sinere,
952 1792 1180 1843 flagitiosum
1195 1795 1264 1834 est,
1281 1790 1348 1828 sed
1367 1790 1430 1834 ita,
1446 1794 1490 1826 ut

199 1852 456 1891 illiberalitatis
476 1851 714 1903 avaritiaeque
734 1852 833 1890 absit
852 1852 1026 1903 suspicio.
1073 1852 1192 1889 Posse
1212 1851 1310 1888 enim
1331 1850 1489 1889 liberali-
1512 1853 1559 1887 13

199 1918 279 1951 tate
298 1913 366 1957 uti,
387 1925 462 1950 non
481 1912 705 1964 spoliantem
725 1925 766 1950 se
786 1912 1021 1963 patrimonio,
1043 1911 1216 1949 nimirum
1236 1916 1294 1949 est
1322 1910 1491 1962 pecuniae

201 1973 348 2011 fructus
366 1973 563 2011 maximus.
607 1973 726 2010 Recte
742 1973 854 2010 etiam
869 1985 891 2009 a
906 1973 1168 2023 Theophrasto
1183 1976 1241 2009 est
1254 1971 1411 2009 laudata
1425 1971 1491 2008 ho·
1514 1973 1560 2008 14

201 2034 396 2085 spitalitas.
451 2033 522 2071 Est
535 2033 645 2078 enim,
660 2038 703 2070 ut
721 2033 812 2070 mihi
830 2033 983 2083 quidem
999 2033 1158 2077 videtur,
1175 2032 1284 2070 valde
1300 2032 1492 2075 decorum,

204 2099 334 2145 patere
347 2093 483 2132 domus
494 2094 688 2132 hominum
700 2094 901 2132 illustrium
914 2094 1121 2131 illustribus
1134 2093 1363 2145 hospitibus:
1380 2092 1493 2142 idque

204 2154 317 2192 etiam
346 2154 399 2192 rei
429 2155 594 2205 publicae
624 2160 682 2192 est
715 2160 946 2199 ornamento,
967 2154 1137 2192 homines
1166 2159 1339 2191 extemos
1359 2153 1432 2190 hoc
1451 2152 1492 2189 li-

204 2214 410 2252 beralitatis
430 2227 565 2266 genere
580 2215 617 2252 in
631 2216 724 2254 urbe
744 2221 872 2252 nostra
886 2228 960 2253 non
976 2227 1099 2267 egere.
1155 2215 1225 2251 Est
1240 2219 1366 2251 autem
1382 2213 1494 2249 etiam
1516 2215 1562 2249 15

206 2275 449 2312 vehementer
467 2275 558 2313 utile
587 2275 641 2320 iis,
663 2276 728 2326 qui
755 2276 912 2313 honeste
942 2288 1053 2326 posse
1081 2275 1243 2312 multum
1263 2274 1405 2315 volunt,
1427 2284 1495 2322 per

205 2335 374 2386 hospites
383 2335 487 2385 apud
500 2340 673 2374 externos
686 2337 848 2387 populos
861 2336 985 2373 valere
998 2336 1133 2387 opibus
1146 2339 1184 2372 et
1196 2334 1328 2385 gratia.
1372 2333 1492 2370 Theo·
1515 2335 1563 2370 16

206 2395 385 2447 phrastus
405 2395 557 2446 quidem
576 2396 714 2441 scribit,
737 2397 932 2434 Cimonem
951 2395 1113 2433 Athenis
1134 2394 1247 2432 etiam
1266 2393 1303 2430 in
1322 2405 1411 2429 suos
1430 2405 1494 2430 cu·

206 2454 315 2494 riales
327 2455 509 2494 Laciadas
527 2455 753 2508 hospitalem
771 2456 897 2494 fuisse.
954 2456 1016 2494 Ita
1031 2455 1129 2493 enim
1143 2453 1358 2497 instituisse,
1375 2456 1415 2490 et
1427 2451 1495 2491 vil-
