1674 2754
617 187 729 211 mima
747 187 803 212 111.
860 187 948 213 cAi‘.
969 189 1064 213 xxn.
1440 181 1511 216 111

164 270 283 322 inquit
295 271 439 310 Attius.
477 272 534 310 At
547 272 608 310 cui
621 273 768 324 regno?
808 272 920 318 Quod
935 285 957 309 a
972 273 1130 311 Tantalo
1145 278 1184 311 et
1197 275 1340 326 Pelope
1356 289 1441 327 pro-

164 329 286 368 ditum
300 331 386 382 jure
407 332 658 371 obtinebatur.
714 332 815 370 Nam
835 336 977 383 quanto
997 333 1124 383 plures
1151 335 1185 372 ei
1211 335 1291 385 regi
1319 339 1442 386 putas,
1465 339 1512 374 13

162 390 229 440 qui
255 391 421 429 exercitu
448 392 579 443 populi
606 391 766 430 Romani
792 392 977 443 populum
1002 393 1126 442 ipsum
1145 394 1358 432 Romanum
1376 408 1443 445 op-

162 450 370 501 pressisset,
393 451 655 502 civitatemque
682 465 758 490 non
789 452 902 490 modo
931 452 1096 496 liberam,
1117 453 1186 490 sed
1213 453 1326 490 etiam
1353 467 1442 505 gen-

161 509 263 548 tibus
280 510 539 562 imperantem,
557 512 693 550 servire
712 512 782 550 sibi
801 511 1016 563 coegisset?
1055 513 1168 550 Hunc
1187 516 1231 550 tu
1245 525 1337 563 quas
1357 527 1442 551 con-

164 569 327 609 acienfflae
360 571 465 609 labes
495 571 533 608 in
565 571 687 609 animo
720 584 848 609 censes
885 571 1093 609 habuisse?
1136 584 1223 622 quae
1254 572 1441 610 vulnera?

164 629 282 681 Cujus
311 635 438 668 autem
464 631 541 668 vita
569 631 640 681 ipsi
666 635 794 682 potest
820 631 920 669 utilis
948 643 1041 676 esse,
1063 643 1150 669 cum
1180 631 1263 682 ejus
1282 632 1370 669 vitae
1398 646 1443 670 ea
1464 638 1510 671 14

164 690 325 728 sonditio
352 691 411 735 sit,
431 695 486 735 ut,
508 690 571 741 qui
598 691 700 728 illam
728 691 917 742 eripuerit,
937 691 975 728 in
1001 690 1164 729 maxima
1183 696 1220 729 et
1245 692 1368 743 gratia
1387 693 1443 730 fu-

164 754 268 788 turus
287 750 334 788 sit
352 755 391 788 et
408 750 561 802 gloria?
609 751 752 796 Quodsi
770 752 852 789 haec
871 751 975 789 utilia
999 764 1075 789 non
1099 756 1198 796 sunt,
1219 765 1306 803 quae
1326 752 1442 790 maxi·
1466 757 1511 791 15

163 823 220 848 me
239 810 424 855 videntur,
443 811 530 861 quia
557 811 668 862 plena
696 815 784 849 sunt
803 811 996 849 dedecoris
1024 824 1067 849 ac
1090 812 1356 862 turpitudinis;
1386 825 1443 850 sa-

163 869 207 908 tis
234 883 456 921 persuasum
484 883 566 908 esse
594 871 719 916 debet,
746 871 836 908 nihil
863 884 945 909 esse
972 871 1074 916 utile,
1096 871 1198 922 quod
1225 885 1301 910 non
1327 872 1442 910 hone-

161 934 260 968 stum
278 930 336 968 sit.
352 954 355 957 -

211 1050 338 1090 XXII.
367 1050 606 1100 Quamquam
625 1049 664 1088 id
678 1050 842 1100 quidem,
859 1064 946 1088 cum
965 1063 1069 1102 saepe
1088 1051 1190 1096 alias,
1205 1056 1288 1090 tum
1306 1052 1444 1104 Pyrrhi

163 1110 258 1148 bello
277 1122 300 1146 a
320 1110 363 1148 O.
383 1110 566 1155 Fabricio,
587 1110 738 1147 consule
757 1110 905 1154 iterum,
926 1115 965 1147 et
984 1123 1006 1147 a
1031 1115 1165 1148 senatu
1191 1116 1320 1150 nostro
1344 1112 1444 1164 judi-

160 1174 286 1208 catum
304 1173 372 1207 est.
431 1169 530 1207 Cum
549 1169 648 1207 enim
667 1182 734 1207 rex
755 1170 926 1220 Pyrrhus
946 1170 1089 1221 populo
1108 1171 1281 1208 Romano
1301 1172 1442 1210 bellum
1463 1178 1485 1211 2

161 1229 258 1268 ultro
275 1229 471 1274 intulisset,
493 1242 654 1280 cumque
675 1229 722 1267 de
741 1229 896 1280 imperio
916 1234 1106 1267 certamen
1126 1235 1225 1268 esset
1249 1245 1335 1269 cum
1354 1245 1444 1284 rege

158 1302 340 1341 generoso
359 1302 403 1328 ac
421 1294 575 1340 potente
586 1302 594 1334 ;
624 1289 785 1341 perfuga
804 1290 852 1328 ab
873 1302 918 1327 eo
936 1290 1038 1327 venit
1065 1290 1103 1327 in
1129 1294 1252 1328 castra
1270 1291 1441 1337 Fabricii,

159 1350 266 1401 cique
298 1354 357 1388 est
388 1349 587 1401 pollicitus,
621 1349 652 1387 si
684 1349 882 1400 praemium
913 1350 982 1388 sibi
1015 1351 1285 1401 proposuisset,
1320 1365 1370 1396 se,
1400 1357 1444 1391 ut

158 1410 256 1448 clam
273 1409 447 1454 venisset,
469 1409 520 1447 sic
548 1409 645 1447 clam
671 1409 710 1447 in
728 1409 867 1460 Pyrrhi
894 1414 1016 1447 castra
1043 1411 1262 1455 rediturum,
1291 1416 1328 1449 et
1357 1424 1443 1450 eum

158 1482 300 1508 veneno
318 1473 549 1507 necaturum.
606 1469 718 1506 Hunc
738 1469 930 1507 Fabricius
949 1469 1210 1508 reducendum
1230 1471 1375 1509 curavit
1393 1472 1442 1510 ad

162 1529 370 1580 Pyrrhum:
398 1529 513 1579 idque
532 1529 614 1579 ejus
632 1529 777 1566 factum
795 1529 993 1567 laudatum
1012 1542 1035 1566 a
1054 1534 1187 1567 senatu
1206 1534 1274 1568 est.
1320 1531 1442 1582 Atqui
1462 1538 1484 1570 3

158 1589 189 1627 si
216 1589 380 1640 speciem
406 1589 575 1626 utilitatis
603 1588 889 1639 opinionemque
917 1589 1130 1639 quaerimus,
1150 1601 1331 1640 magnum
1349 1590 1442 1628 illud

161 1649 300 1688 bellum
328 1649 488 1700 perfuga
515 1662 612 1686 unus
635 1653 673 1686 et
701 1661 856 1700 gravem
880 1648 1134 1686 adversarium
1154 1649 1297 1700 imperii
1316 1655 1440 1688 sustu-

124 1701 128 1706 ’
160 1709 282 1748 iisset:
311 1708 378 1746 sed
397 1721 579 1759 magnum
599 1708 765 1746 dedecus
785 1712 822 1746 et
843 1708 1037 1760 flagitium,
1053 1708 1204 1759 quicum
1222 1709 1344 1747 laudis
1363 1723 1440 1748 cer-

159 1774 284 1807 tamen
318 1768 462 1812 fuisset,
501 1781 588 1805 eum
625 1781 700 1805 non
735 1768 884 1812 virtute,
924 1768 992 1805 sed
1029 1768 1170 1806 scelere
1208 1774 1438 1819 superatum.

162 1828 297 1867 Utrum
323 1828 438 1880 igitur
458 1827 584 1866 utilius
603 1827 663 1866 vel
690 1827 872 1873 Fabricio,
893 1828 957 1879 qui
975 1828 1060 1866 talis
1079 1828 1116 1866 in
1134 1828 1204 1865 hac
1223 1828 1328 1873 urbe,
1350 1842 1440 1880 qua·
1461 1835 1484 1869 4

157 1888 201 1926 lis
228 1887 415 1926 Aristides
444 1887 606 1926 Athenis
634 1888 716 1932 fuit,
737 1888 798 1926 vel
825 1888 970 1926 senatui
997 1892 1137 1933 nostro,
1158 1887 1221 1938 qui
1249 1901 1442 1940 nunquam

161 1948 358 1986 utilitatem
384 1960 407 1985 a
426 1947 607 1999 dignitate
635 1947 810 1999 sejunxit,
831 1948 944 2000 armis
973 1961 1060 1985 cum
1085 1948 1195 1986 hoste
1215 1952 1371 1994 certare,
1391 1962 1440 1987 an

161 2007 337 2046 venenis?
393 2007 434 2046 Si
453 2007 584 2059 gloriae
603 2020 717 2046 causa
735 2007 934 2059 imperium
954 2007 1210 2059 expetendum
1229 2012 1297 2052 est,
1318 2009 1439 2047 scelus
1460 2017 1482 2049 5

158 2068 267 2113 absit,
286 2067 324 2105 in
341 2080 416 2118 quo
435 2080 510 2105 non
529 2071 656 2119 potest
679 2080 760 2106 esse
788 2068 928 2120 gloria:
959 2068 1015 2105 sin
1033 2068 1126 2119 ipsae
1146 2079 1237 2118 opes
1257 2073 1438 2119 expetun-

161 2131 220 2164 tur
246 2139 398 2178 quoquo
425 2127 550 2172 modo,
579 2140 653 2165 non
685 2132 863 2178 poterunt
894 2127 1004 2165 utiles
1038 2141 1121 2166 esse
1155 2141 1242 2166 cum
1275 2128 1437 2167 infamia.

159 2186 247 2224 Non
264 2186 380 2237 igitur
397 2187 496 2225 utilis
515 2187 577 2225 illa
596 2187 638 2225 L.
659 2187 837 2239 Philippi,
860 2188 904 2233 Q.
927 2188 982 2232 F„
1004 2188 1209 2226 sententia:
1240 2202 1334 2240 quas
1354 2189 1437 2227 civi·
1460 2193 1481 2226 6

159 2251 256 2284 tates
285 2245 328 2284 L.
349 2245 464 2292 Sulla,
486 2248 644 2298 pecunia
673 2253 841 2298 accepta,
863 2260 909 2285 ex
937 2252 1088 2285 senatus
1116 2249 1287 2286 consulto
1306 2248 1437 2285 libera-

158 2305 284 2349 visset,
305 2310 349 2343 ut
376 2318 433 2343 eae
459 2319 587 2344 rursus
607 2307 813 2358 vectigales
841 2312 976 2351 essent,
1006 2320 1128 2357 neque
1155 2307 1198 2344 iis
1227 2307 1436 2357 pecuniam,

158 2378 273 2416 quam
293 2377 361 2416 pro
379 2365 551 2404 libertate
567 2366 760 2411 dederant,
776 2367 1030 2404 redderemus.
1077 2367 1146 2403 Est
1161 2366 1193 2403 ei
1212 2370 1363 2404 senatus
1381 2378 1439 2404 as·
1461 2365 1479 2406 '2

159 2437 300 2463 sensus.
347 2425 474 2476 Turpe
491 2425 658 2476 imperio.
704 2426 916 2464 Piratarum
936 2426 1033 2464 enim
1053 2426 1181 2463 melior
1201 2425 1305 2470 fidos,
1325 2438 1440 2476 quam
