1653 2758
521 417 580 465 M.
609 416 793 466 TULLII
827 417 1105 466 CICERONIS

298 580 489 654 DE
580 580 1338 658 OFFIGIIS

789 732 834 755 An

464 815 809 862 ‘MARCUM
852 818 1130 862 FILIUM.

631 1096 775 1130 LIBER
805 1097 993 1130 PRIMUS.

181 1183 214 1224 L
234 1184 464 1231 QUAMQUAM
490 1188 540 1229 te,
569 1184 741 1222 Marce
780 1184 798 1221 f
805 1184 887 1229 ili,
922 1197 1062 1223 annum
1089 1184 1170 1236 jam
1206 1185 1424 1224 audientem

131 1244 372 1297 Cratippum,
386 1245 499 1296 idque
521 1244 697 1289 Athenis,
714 1244 908 1283 abundare
928 1249 1079 1296 oportet
1097 1245 1301 1297 praeceptis
1319 1245 1423 1284 insti-

129 1304 296 1356 tutisque
313 1304 577 1357 philosophiae,
594 1309 751 1356 propter
769 1317 957 1342 summam
977 1310 1015 1343 et
1035 1305 1201 1344 doctoris
1221 1306 1422 1344 auctorita-

129 1369 207 1404 tem
226 1370 265 1404 et
287 1365 414 1410 urbis;
442 1378 604 1417 quorum
624 1365 721 1403 alter
739 1370 777 1403 te
797 1365 951 1403 scientia
978 1378 1119 1417 augere
1145 1371 1284 1418 potest,
1304 1366 1424 1404 altera

129 1426 328 1477 exemplis:
357 1430 498 1471 tamen,
524 1430 568 1463 ut
594 1425 675 1476 ipse
703 1425 753 1462 ad
781 1438 905 1463 meam
932 1426 1135 1464 utilitatem
1166 1439 1317 1477 semper
1335 1440 1424 1464 cum

131 1486 278 1524 Graecis
297 1486 431 1524 Latina
459 1486 646 1537 conjunxi,
667 1498 788 1536 neque
817 1486 856 1523 id
883 1486 922 1523 in
941 1486 1179 1537 philosophia
1198 1487 1333 1531 solum,
1354 1486 1423 1524 sed

129 1545 244 1584 etiam
262 1546 300 1584 in
319 1546 468 1584 dicendi
493 1545 758 1594 exercitatione
785 1545 880 1590 feci;
908 1546 1009 1584 idem
1036 1547 1104 1584 tibi
1133 1559 1266 1584 censeo
1285 1546 1422 1584 facien—

130 1605 236 1650 dum,
255 1610 300 1643 ut
318 1618 388 1656 par
406 1605 456 1643 sis
475 1605 512 1643 in
530 1605 727 1656 utriusque
751 1605 926 1647 orationis
948 1606 1141 1644 facultate.
1198 1606 1323 1651 Quam
1342 1606 1421 1657 qui-
1443 1611 1465 1645 2

129 1665 217 1704 dem
237 1665 287 1703 ad
313 1678 394 1714 rem
420 1677 500 1710 nos,
520 1669 564 1703 ut
589 1665 772 1710 videmur,
792 1677 974 1717 magnum
1001 1665 1197 1704 attulimus
1225 1665 1422 1717 adjumen-

129 1730 212 1764 tum
238 1725 452 1764 hominibus
481 1724 629 1770 nostris,
649 1729 694 1762 ut
720 1738 796 1763 non
823 1725 938 1763 modo
968 1725 1188 1764 Graecarum
1210 1726 1422 1765 litterarum

129 1785 244 1824 rudes
263 1785 333 1823 sed
360 1785 474 1824 etiam
494 1784 597 1823 docti
623 1784 860 1836 aliquantum
889 1797 929 1823 se
957 1785 1186 1824 arbitrentur
1204 1786 1364 1837 adeptos
1383 1791 1424 1825 et

128 1845 180 1884 ad
198 1845 402 1884 dicendum
420 1849 460 1883 et
478 1844 528 1883 ad
544 1844 808 1896 judicandum.
838 1845 962 1890 Quam
977 1845 1027 1884 ob
1046 1859 1127 1884 rem
1141 1846 1263 1884 disces
1282 1851 1327 1884 tu
1340 1847 1420 1898 qui-
1441 1852 1464 1886 3

129 1905 218 1944 dem
237 1918 261 1943 a
280 1905 447 1957 principe
465 1905 583 1957 hujus
611 1898 732 1943 aetatis
751 1905 1077 1958 philosophorum,
1098 1911 1137 1945 et
1156 1907 1288 1952 disces,
1305 1920 1420 1958 quam

128 1965 194 2004 diu
212 1966 337 2006 voles:
367 1970 446 2004 tam
465 1965 532 2004 diu
559 1970 689 2004 autem
708 1966 804 2004 velle
824 1966 992 2011 debebis,
1014 1967 1141 2017 quoad
1161 1971 1211 2013 te,
1233 1973 1419 2018 quantum

129 2026 314 2078 proficias,
333 2039 409 2064 non
426 2026 650 2078 poenitebit:
679 2025 748 2064 sed
775 2030 904 2065 tamen
924 2031 1051 2064 nostra
1069 2027 1211 2079 legens,
1231 2041 1306 2066 non
1323 2028 1419 2067 mul-

128 2091 211 2124 tum
231 2099 254 2124 a
272 2086 536 2138 Peripateticis
556 2086 786 2131 dissidentia,
808 2087 986 2137 quoniam
1011 2087 1161 2138 utrique
1180 2087 1362 2127 Socratici
1381 2093 1422 2127 et

127 2146 311 2184 Platonici
329 2146 504 2184 volumus
523 2159 618 2191 esse,
639 2146 688 2184 de
707 2147 820 2184 rebus
839 2147 930 2198 ipsis
950 2152 1058 2185 utere
1079 2153 1146 2186 tuo
1171 2148 1326 2200 judicio,
1348 2148 1418 2198 (ni-

127 2206 179 2244 hil
207 2206 305 2245 enim
336 2205 533 2258 impedi0,)
562 2206 770 2245 orationem
804 2212 933 2245 autem
965 2208 1140 2246 Latinam
1167 2209 1304 2247 efficies
1332 2222 1418 2260 pro-

127 2264 227 2305 fecto
246 2267 416 2319 legendis
434 2267 571 2306 nostris
599 2267 816 2318 pleniorem.
873 2267 955 2307 Nec
982 2281 1072 2307 vero
1099 2269 1172 2308 hoc
1199 2274 1419 2321 arroganter
1437 2273 1461 2308 4

128 2326 272 2366 dictum
292 2327 495 2366 existimari
513 2327 636 2366 velim.
683 2327 785 2365 Nam
805 2327 1097 2380 philosophandi
1115 2329 1310 2368 scientiam
1330 2341 1417 2367 con-

128 2386 266 2425 cedens
293 2386 433 2433 multis,
454 2387 558 2438 quod
590 2392 649 2425 est
676 2388 835 2426 oratoris
863 2388 1070 2440 proprium,
1099 2394 1201 2440 apte,
1231 2389 1417 2435 distincte,

128 2451 258 2486 ornate
286 2446 422 2492 dicere,
450 2446 627 2498 quoniam
653 2446 692 2486 in
720 2459 766 2486 eo
793 2448 918 2486 studio
947 2453 1102 2488 aetatem
1132 2448 1358 2500 consumpsi,
1387 2448 1419 2488 si
