1674 2754
116 210 134 244 1
143 210 188 244 12
674 217 723 241 DE
743 216 908 241 ormcns

140 309 163 342 8
183 308 345 341 senatus.
392 305 449 341 At
466 307 577 341 aucta
595 302 813 353 vectigalia:
843 302 934 339 utile
951 302 1074 352 igitur.
1123 301 1327 351 Quousque
1345 299 1450 338 aude

182 364 278 402 bunt
293 363 416 401 dicere
432 363 634 414 quiequam
648 362 750 406 utile,
766 361 869 412 quod
883 375 957 398 non
972 361 1202 398 honestum?
1248 361 1384 398 Potest
1396 373 1461 398 au-

182 428 260 461 tem
275 423 341 460 ulli
354 423 520 474 imperio,
537 422 639 472 quod
659 422 779 473 gloria
798 422 937 458 fultum
955 433 1036 458 esse
1052 420 1176 463 debet,
1194 426 1233 457 et
1251 420 1461 458 benivolen-

139 488 162 521 9
183 483 235 520 tia
253 483 449 527 sociorum,
469 483 559 520 utile
587 494 668 519 esse
699 482 826 518 odium
850 486 888 518 et
914 480 1093 518 infamia?
1148 480 1232 531 Ego
1251 480 1361 517 etiam
1376 493 1462 518 cum

184 543 327 580 Catone
345 555 430 580 meo
449 555 551 592 saepe
571 541 734 579 dissensi.
762 550 764 552 ’
796 540 917 578 Nimis
936 540 1027 577 mihi
1046 540 1246 591 praefracte
1265 539 1464 578 xidebatur

183 603 355 641 aerarium
385 601 654 653 vectigaliaque
683 600 896 644 defendere,
926 600 1050 638 omnia
1078 600 1285 651 publicanis
1312 612 1462 651 negare,

181 662 300 700 multa
319 662 449 700 sociis:
481 675 566 699 cum
584 661 621 698 in
639 661 708 698 hos
728 661 882 698 benefici
908 673 988 698 esse
1008 660 1252 703 deberemus;
1282 672 1368 697 cum
1394 659 1465 697 illis

182 722 234 759 sic
261 735 386 772 agere,
406 727 450 758 ut
478 734 565 758 cum
593 721 733 758 colonis
761 721 897 758 nostris
926 721 1154 758 soleremus:
1185 732 1305 770 eoque
1331 719 1464 772 magis,

180 794 256 831 quo
275 781 337 818 illa
356 781 528 818 ordinum
548 780 760 830 conjunctio
779 781 827 817 ad
848 781 1008 818 salutem
1028 780 1080 817 rei
1109 779 1272 830 publieae
1301 779 1462 830 pertine-

118 845 162 878 10
182 841 257 878 bat.
296 840 395 878 Male
413 840 524 877 etiam
542 840 667 883 Curio,
682 853 766 877 cum
783 853 934 877 causam
949 839 1297 890 Transpadanorum
1317 851 1464 890 aequam

182 912 262 938 esse
282 900 454 938 dicebat:
485 912 635 949 semper
663 905 789 937 autem
816 900 993 943 addebat,
1027 900 1159 936 Vincat
1177 900 1332 936 utilitas.
1390 899 1464 936 Po-

180 960 254 997 tius
275 959 430 1003 diceret,
451 972 528 996 non
547 971 629 996 esse
649 971 809 1009 aequam,
831 959 918 1009 quia
942 972 1017 996 non
1036 964 1135 996 esset
1154 959 1254 996 utilis
1272 959 1326 996 rei
1344 957 1464 1009 publi-

181 1032 246 1063 cae,
267 1032 393 1070 quam,
416 1032 500 1056 cum
520 1031 593 1056 non
612 1019 742 1056 utilem
763 1018 913 1062 diceret,
935 1031 1082 1069 aequam
1101 1019 1293 1056 fateretur.

235 1138 384 1176 XXIII.
413 1138 553 1176 Plenus
570 1143 627 1175 est
647 1143 775 1176 sextus
789 1138 882 1176 liber
901 1138 948 1176 de
968 1138 1094 1175 officiis
1114 1137 1317 1176 Hecatonis
1336 1137 1466 1175 talium

181 1211 288 1248 quae
304 1198 550 1242 stionum,
580 1198 684 1235 Sitne
710 1198 797 1235 boni
823 1198 900 1241 viri,
922 1198 959 1235 in
983 1198 1145 1234 maxima
1173 1197 1326 1235 caritate
1351 1209 1465 1234 anno-

181 1271 251 1302 nae,
271 1258 448 1295 familiam
467 1270 542 1295 non
560 1258 670 1295 alere.
728 1258 773 1294 In
794 1262 993 1308 utramque
1014 1262 1160 1308 partem
1178 1257 1346 1308 disputat
1362 1270 1371 1301 ;
1399 1256 1466 1294 sed

182 1323 309 1355 tamen
336 1318 385 1355 ad
418 1323 628 1354 extremum
660 1317 820 1354 utilitate
854 1317 1018 1355 officium
1046 1317 1172 1368 dirigit
1199 1317 1321 1368 magis
1349 1329 1464 1367 quam

139 1382 160 1415 2
182 1377 426 1414 humanitate.
483 1377 636 1421 Quaerit‚
659 1377 689 1414 si
710 1377 748 1414 in
767 1377 860 1414 mari
885 1378 1035 1428 jactura
1059 1377 1230 1414 facienda
1249 1377 1308 1421 sit,
1329 1377 1463 1427 equine

184 1437 336 1487 pretiosi
356 1437 480 1487 potius
497 1437 683 1487 jacturam
703 1437 827 1480 faciat,
849 1450 897 1474 an
917 1436 1054 1474 servuli
1072 1437 1164 1474 vilis.
1221 1437 1293 1474 Hic
1313 1437 1385 1474 alio
1403 1449 1467 1474 res

141 1502 161 1534 3
183 1497 383 1539 familiaris,
413 1496 485 1533 alio
513 1496 617 1534 ducit
643 1497 867 1534 humanitas.
924 1496 965 1534 Si
996 1497 1166 1534 tabulam
1195 1497 1242 1534 de
1270 1497 1467 1548 naufragio

183 1556 320 1593 stultus
353 1555 560 1606 arripuerit,
590 1556 875 1607 extorquebitne
904 1568 988 1593 eam
1015 1557 1174 1607 sapiens,
1203 1556 1234 1594 si
1266 1557 1465 1608 potuerit?

141 1620 162 1653 4
184 1615 322 1667 Negat,
352 1615 439 1666 quia
471 1616 519 1653 sit
551 1616 738 1666 injurium.
796 1616 896 1661 Quid
929 1615 1103 1654 dominus
1136 1616 1251 1661 nau's,
1286 1616 1466 1667 eripietne

183 1676 323 1713 suum?
379 1675 542 1720 Minime,
563 1689 638 1713 non
663 1676 759 1726 plus,
781 1689 895 1726 quam
923 1676 1162 1727 navigantem
1181 1671 1315 1714 inalto
1334 1676 1467 1727 ejicere

183 1735 230 1772 de
260 1735 345 1772 navi
363 1735 464 1779 velit,
485 1736 572 1786 quia
599 1748 667 1772 sua
695 1736 753 1773 sit.
811 1735 945 1781 Quoad
973 1736 1072 1773 enim
1099 1741 1323 1787 perventum
1343 1737 1391 1773 sit
1411 1749 1466 1781 eo,

183 1808 258 1845 quo
286 1800 438 1845 sumpta
465 1795 569 1832 navis
597 1801 665 1838 est,
696 1809 770 1833 non
799 1795 939 1833 domini
967 1801 1024 1833 est
1051 1796 1165 1839 navis,
1195 1796 1262 1833 sed
1290 1797 1467 1847 navigan-

140 1861 163 1894 5
183 1855 288 1892 tium.
345 1854 444 1899 Quid
464 1854 494 1891 si
513 1867 588 1891 una
607 1855 739 1892 tabula
758 1855 817 1898 sit,
839 1855 915 1892 duo
934 1855 1117 1906 naufragi,
1139 1855 1238 1906 iique
1259 1856 1466 1906 sapientes:

183 1914 252 1951 sibi
271 1919 402 1951 neuter
420 1914 552 1964 rapiat,
567 1927 615 1951 an
634 1915 729 1951 alter
745 1914 856 1952 cedat
875 1914 1008 1952 alteri?
1056 1914 1180 1952 Cedat
1198 1928 1305 1953 vero:
1335 1915 1403 1953 sed
1422 1916 1466 1960 ei,

184 1974 292 2025 cujus
322 1975 442 2024 magis
472 1974 617 2011 intersit
643 1974 702 2011 vel
730 1987 798 2011 sua
823 1974 883 2012 vel
911 1974 965 2012 rei
993 1974 1157 2025 publicae
1186 1988 1311 2019 causa,
1331 1975 1466 2013 vivere.

141 2038 163 2071 6
190 2033 287 2079 Quid
307 2034 337 2071 si
364 2034 446 2071 haec
472 2034 576 2084 paria
603 2034 639 2071 in
658 2035 847 2084 utroque?
903 2034 1060 2072 Nullum
1080 2035 1148 2072 erit
1167 2040 1366 2080 certamen,
1387 2035 1466 2080 sed,

143 2094 162 2131 7
185 2093 292 2144 quasi
319 2098 419 2130 sorte
447 2098 513 2130 aut
540 2093 712 2131 micando
731 2094 864 2138 victus,
885 2093 991 2131 alteri
1018 2094 1128 2131 cedet
1155 2095 1260 2132 alter.
1319 2095 1419 2140 Quid
1438 2095 1468 2133 si

184 2158 291 2203 pater
315 2153 402 2189 fana
431 2153 582 2203 expilet,
604 2153 795 2190 cuniculos
814 2158 905 2204 agat
924 2153 973 2191 ad
993 2154 1189 2191 aerarium:
1224 2154 1411 2193 indicetne
1429 2154 1468 2192 id

184 2212 466 2263 magistratibus
479 2212 603 2255 filius‘.>
647 2212 766 2250 Nefas
778 2213 816 2250 id
829 2213 981 2263 quidem
992 2218 1060 2251 est.
1100 2214 1198 2259 Quin
1213 2214 1325 2252 etiam
1340 2215 1467 2252 defen-

185 2271 251 2309 dat
270 2276 428 2322 patrem,
449 2271 480 2309 si
497 2276 688 2323 arguatur.
737 2272 826 2309 Non
845 2273 958 2324 igitur
977 2274 1099 2323 patria
1118 2279 1275 2324 praestat
1295 2274 1468 2312 omnibus

185 2331 340 2368 officiis?
397 2332 519 2368 Immo
547 2344 657 2369 vero:
693 2331 760 2368 sed
788 2331 859 2382 ipsi
886 2333 1018 2382 patriae
1047 2333 1234 2378 conducit,
1257 2334 1339 2384 pios
1368 2334 1467 2371 cives

145 2394 165 2427 3
186 2391 324 2428 habere
345 2391 382 2428 in
396 2395 580 2441 parentes
621 2391 720 2436 Quid
739 2391 770 2428 si
788 2392 1025 2442 tyrannidem
1044 2405 1241 2444 occupare,
1257 2393 1289 2430 si
1307 2393 1465 2444 patriam

185 2449 345 2500 prodere
365 2450 558 2488 conabitur
577 2455 708 2501 pater:
738 2451 908 2489 silebitne
927 2451 1054 2489 filius?
1111 2453 1235 2490 Immo
1252 2465 1341 2491 vero
1360 2453 1460 2490 obse-
