1674 2754
610 210 722 234 mma
741 209 781 233 11.
839 208 926 234 OAP.
948 208 1014 233 vu.
1441 198 1490 232 63

189 296 274 335 Hoc
300 296 416 348 igitur
442 295 606 348 cognito,
636 294 838 334 dicendum
867 298 936 338 est,
965 306 1130 344 quonam
1158 293 1272 331 modo
1300 292 1418 331 homi-
1439 297 1462 334 6

135 369 226 394 num
245 369 263 394 s
275 361 292 394 t
302 369 330 394 u
341 356 367 393 d
378 356 390 393 i
402 369 424 393 a
442 356 493 394 ad
507 356 686 394 utilitates
700 359 847 393 nostras
862 353 1009 392 allicere
1023 357 1137 404 atque
1153 353 1314 390 excitare
1334 366 1420 404 pos-

135 416 263 454 simus.
320 417 417 462 Quae
438 416 469 454 si
487 416 634 468 longior
652 415 765 453 fuerit
784 414 914 459 oratio,
936 427 1024 451 cum
1043 413 1302 464 magnitudine
1321 413 1419 451 utili·
1441 413 1462 451 7

134 476 224 514 tatis
239 480 502 527 comparetur;
531 476 584 514 ita
602 476 762 514 fortasse
782 475 896 513 etiam
914 474 1062 512 brevior
1076 473 1274 511 videbitur.
1307 473 1420 517 Quae-

135 549 282 587 cunque
311 536 426 588 igitur
454 536 625 574 homines
651 535 794 573 homini
824 535 994 572 tribuunt
1019 534 1069 572 ad
1098 546 1186 571 eum
1205 533 1422 584 augendum
1442 537 1464 570 8

134 601 249 647 atque
267 596 558 641 honestandum,
574 600 641 634 aut
659 595 919 634 benivolentiae
940 595 1062 646 gratia
1080 593 1233 637 faciunt,
1251 606 1338 631 cum
1357 593 1421 630 ali-

133 668 210 707 qua
228 656 277 694 de
295 669 410 694 causa
428 656 643 707 quempiam
658 655 820 707 diligunt
834 668 843 700 ;
871 659 938 692 aut
956 654 1118 699 honoris,
1135 654 1166 691 si
1184 653 1292 704 cujus
1307 653 1422 690 virtu-

134 720 212 754 tem
242 716 463 767 suspiciunt,
484 729 673 767 quemque
693 715 851 767 dignum
880 715 1032 753 fortuna
1051 727 1165 765 quam
1191 713 1423 764 amplissima

134 780 296 827 putant3
324 781 392 814 aut
419 776 479 814 cui
508 776 623 816 fidem
651 776 803 820 habent,
825 780 863 813 et
885 776 980 813 bene
998 775 1112 813 rebus
1132 774 1208 812 suis
1228 773 1423 812 consulere

133 836 387 881 arbitrantur;
415 841 482 874 aut
510 836 619 887 eujus
647 849 741 888 opes
768 840 968 879 metuunt;
998 839 1065 872 aut
1083 838 1224 878 eontra,
1245 847 1268 871 a
1286 833 1423 884 quibus

134 896 275 948 aliquid
302 901 518 948 expectant,
539 901 583 934 ut
611 910 699 934 cum
724 909 834 947 reges
854 895 1103 947 popularesve
1123 894 1293 932 homines
1311 893 1423 944 largi-

133 956 253 994 tiones
281 956 423 1007 aliquas
452 961 692 1007 proponunt3
725 962 792 993 aut
820 961 1011 1007 postremo
1039 954 1159 1005 pretio
1180 967 1223 991 ac
1248 953 1423 991 mercede
1444 957 1465 991 9

134 1016 336 1061 ducuntur,
358 1030 444 1068 quae
475 1016 732 1054 sordidissima
752 1021 809 1054 est
832 1016 895 1053 illa
914 1015 1066 1066 quidem
1084 1014 1179 1052 ratio
1200 1019 1237 1052 et
1254 1014 1422 1064 inquina-

134 1077 287 1122 tissima,
304 1081 342 1114 et
359 1077 414 1122 iis,
435 1077 500 1127 qui
514 1089 559 1114 ea
576 1081 763 1121 tenentur,
781 1081 819 1113 et
838 1076 920 1120 illis,
941 1075 1031 1126 quid
1051 1075 1099 1112 ad
1115 1087 1199 1112 eam
1220 1074 1424 1124 confugere

134 1141 327 1174 conantur.
383 1137 485 1174 Male
512 1137 611 1174 enim
636 1149 676 1173 se
701 1149 761 1173 res
781 1136 907 1179 habet,
929 1148 1028 1178 eum,
1049 1134 1151 1185 quod
1171 1134 1309 1172 virtute
1329 1133 1424 1171 effici
1445 1137 1493 1171 10

133 1196 259 1241 debet,
280 1196 320 1234 id
347 1201 515 1234 tentatur
542 1196 713 1247 pecunia.
770 1195 848 1233 Sed
867 1195 1044 1246 quoniam
1062 1207 1333 1244 nonnunquam
1351 1193 1424 1231 hoc

133 1256 342 1295 subsidium
372 1257 625 1294 necessarium
654 1261 724 1300 est,
744 1255 1068 1306 quemadmodum
1087 1254 1136 1292 sit
1160 1254 1346 1292 utendum
1365 1266 1422 1298 eo,

133 1316 312 1362 dicemus,
333 1317 364 1354 si
391 1317 495 1368 prius
524 1316 568 1354 iis
598 1316 646 1353 de
673 1317 798 1360 rebus,
828 1329 914 1366 quae
943 1315 1072 1353 virtuti
1102 1315 1296 1366 propiores
1324 1318 1423 1358 sunt,

133 1377 346 1415 dixerimus.
402 1377 534 1428 Atque
554 1376 666 1414 etiam
686 1375 889 1427 subjiciunt
908 1389 948 1413 se
967 1375 1137 1413 homines
1156 1375 1312 1426 imperio
1331 1374 1422 1412 alte·
1446 1378 1491 1412 11

133 1437 208 1475 rius
223 1441 262 1475 et
280 1437 459 1489 potestati
473 1437 521 1474 de
541 1437 662 1474 causis
682 1436 864 1487 pluribus,
902 1436 1104 1473 Ducuntur
1119 1435 1218 1473 enim
1237 1439 1304 1472 aut
1322 1435 1423 1473 beni-
1446 1438 1492 1472 12

134 1497 308 1542 volentia,
329 1502 396 1534 aut
422 1497 688 1535 beneficiorum
718 1495 990 1547 magnitudine,
1011 1500 1078 1533 aut
1103 1495 1297 1546 dignitatis
1323 1508 1422 1546 prae-

136 1557 285 1601 stantia,
307 1561 373 1594 aut
392 1569 473 1608 spe,
496 1557 565 1594 sibi
582 1556 621 1594 id
640 1556 731 1593 utile
751 1556 934 1600 futurum,
951 1560 1017 1592 aut
1035 1560 1151 1599 metu,
1170 1568 1218 1592 ne
1237 1555 1274 1592 vi
1292 1567 1424 1605 parere

136 1621 330 1668 cogantur,
352 1621 418 1654 aut
446 1629 514 1667 spe
540 1616 744 1667 largitionis
768 1615 1034 1666 promissisque
1053 1615 1164 1666 capti,
1186 1619 1252 1652 aut
1279 1619 1422 1665 postre-

136 1689 210 1721 mo,
236 1681 280 1715 ut
309 1689 412 1728 saepe
442 1676 480 1714 in
509 1681 638 1714 nostra
667 1689 708 1714 re
739 1676 890 1727 publica
920 1676 1102 1719 videmus,
1132 1675 1306 1713 mercede
1336 1688 1423 1713 con-

137 1737 252 1775 ducti.

188 1849 280 1895 VII.
311 1856 489 1894 Omnium
519 1860 647 1894 autem
676 1868 802 1893 rerum
831 1868 900 1894 nec
928 1855 1054 1906 aptius
1079 1859 1137 1893 est
1155 1850 1355 1906 quicquam
1374 1855 1424 1893 ad

136 1929 228 1968 opes
245 1917 406 1954 tuendas
425 1929 468 1954 ac
487 1916 681 1960 tenendas,
703 1929 817 1967 quam
837 1916 951 1967 diligi,
972 1928 1041 1954 nec
1060 1915 1225 1960 alienius,
1246 1928 1360 1966 quam
1379 1916 1424 1954 ti-

135 1977 238 2015 meri.
293 1977 484 2015 Praeclare
503 1977 601 2014 enim
619 1976 781 2014 Ennius:
1445 1980 1466 2013 2

157 2065 274 2114 Quem
290 2071 471 2111 metuunt,
492 2066 669 2103 oderunt:
699 2078 805 2114 quem
825 2065 978 2114 quisque
996 2065 1084 2109 odit,
1099 2065 1252 2114 periisse
1270 2066 1409 2114 effecit.

138 2161 346 2199 Multorum
374 2166 502 2200 autem
532 2161 626 2199 odiis
652 2161 775 2199 nullas
803 2174 895 2213 opes
922 2174 1033 2212 posse
1052 2161 1243 2206 obsistere,
1265 2161 1296 2199 si
1315 2166 1425 2199 antea
1446 2167 1467 2199 3

141 2221 210 2258 fuit
226 2221 409 2272 ignotum,
429 2234 551 2272 nuper
569 2227 628 2259 est
653 2222 855 2273 cognitum.
912 2221 993 2259 Nee
1014 2234 1103 2259 vcro
1131 2222 1246 2273 hujus
1277 2222 1426 2272 tyranni
1446 2225 1468 2259 4

140 2281 274 2324 solum,
295 2293 407 2331 quem
426 2281 538 2319 armis
565 2294 747 2332 oppressa
775 2281 930 2332 pertulit
958 2281 1098 2326 civitas,
1120 2286 1301 2332 paretque
1323 2294 1424 2318 cum-

139 2340 300 2379 maxime
331 2345 492 2385 mortuo,
524 2341 695 2379 interitus
728 2341 906 2386 declarat,
936 2346 1119 2392 quantum
1147 2341 1275 2378 odium
1309 2340 1425 2377 homi-

139 2413 231 2438 num
249 2400 374 2437 valeat
392 2399 441 2437 ad
461 2405 607 2451 pestem
624 2414 633 2444 ;
661 2401 729 2438 scd
748 2401 976 2451 reliquorum
1004 2401 1140 2438 similes
1160 2400 1280 2437 exitus
1300 2404 1427 2449 tyran-

140 2473 286 2504 norum,
306 2472 468 2510 quorum
494 2460 597 2498 haud
625 2461 702 2498 sere
721 2461 919 2511 quisquam
938 2461 1053 2498 talem
1072 2460 1263 2497 interitum
1281 2459 1426 2510 effugit.
