1674 2754
632 205 744 230 mmm
763 205 818 230 111.
875 204 962 230 cAP.
984 206 1033 230 x1.
1460 199 1508 232 99

160 291 211 330 ad
228 291 427 330 amicitiam
446 291 598 329 tertium
616 291 880 329 adscriberent.
929 291 1028 328 Cum
1042 291 1157 342 igitur
1170 291 1220 335 id,
1234 292 1336 342 quod
1349 292 1439 330 utile
1463 297 1506 331 18

159 351 308 390 videtur
325 351 363 389 in
381 351 552 395 amicitia,
584 365 670 389 cum
702 364 758 395 eo,
788 350 890 402 quod
919 351 1120 388 honestum
1151 356 1218 395 est,
1249 365 1440 402 compara-

159 416 232 456 tur,
249 411 375 462 jaceat
393 411 562 449 utilitatis
583 412 736 462 species,
753 411 877 448 valeat
896 411 1084 448 honestas.
1143 411 1241 447 Cum
1261 415 1386 448 autem
1405 412 1441 449 in
1463 417 1507 450 19

159 471 331 515 amicitia,
345 484 431 521 quae
446 472 604 508 honesta
615 484 690 509 non
705 476 802 515 sunt,
821 471 1122 521 postulabuntur,
1142 470 1272 521 religio
1292 475 1330 507 et
1347 471 1440 507 fides

159 536 411 582 anteponatur
437 531 619 569 amicitiae.
677 531 738 568 Sic
766 530 968 568 habebitur
994 530 1036 574 is,
1059 542 1172 580 quem
1201 530 1440 580 exquirimus·

158 592 329 630 delectus
348 591 467 629 officii.
744 594 750 597 '

210 711 279 748 XI.
309 710 386 748 Sed
405 710 572 748 utilitatis
593 709 716 760 specie
734 709 782 747 in
809 722 860 747 re
890 723 914 760 p
929 709 1103 747 ublica
1132 708 1338 760 saepissime
1353 721 1438 760 pec-

158 777 275 817 catur,
295 777 338 810 ut
356 772 393 809 in
406 771 574 809 Corinthi
589 772 858 809 disturbatione
871 771 1000 809 nostri.
1038 771 1178 809 Durius
1191 771 1304 809 etiam
1319 771 1440 809 Athe-

157 832 314 876 nienses,
335 832 398 882 qui
417 831 615 876 sciverunt,
637 836 681 869 ut
699 832 903 882 AEginetis,
923 831 987 881 qui
1013 831 1131 869 classe
1149 831 1338 875 valebant,
1360 831 1441 881 pol-

157 892 246 930 lices
265 891 568 943 praeciderentur.
625 891 709 929 Hoc
729 892 850 928 visum
875 896 932 928 est
951 891 1053 929 utile.
1109 891 1230 928 Nimis
1250 891 1348 928 enim
1374 891 1440 928 im-
1462 895 1483 928 2

157 951 335 996 minebat,
357 956 512 1002 propter
531 951 861 1002 propinquitatem,
880 951 1021 1002 AEgina
1035 951 1195 988 Piraeeo.
1239 950 1317 988 Sed
1337 950 1439 994 nihil,

157 1011 260 1062 quod
280 1011 442 1055 crudele,
463 1011 566 1048 utile.
621 1011 690 1048 Est
709 1011 807 1048 enim
826 1010 1021 1047 hominum
1039 1015 1195 1054 naturae,
1209 1023 1322 1061 quam
1337 1010 1443 1060 sequi

158 1071 351 1115 debemus,
372 1071 531 1108 maxime
550 1070 696 1107 inimica
715 1070 927 1108 crudelitas.
983 1070 1082 1107 Male
1113 1070 1225 1107 etiam
1253 1070 1317 1120 qui
1336 1082 1441 1120 pere·
1462 1074 1483 1107 3

157 1131 283 1182 grinos
301 1131 458 1168 urbibus
477 1130 532 1167 uti
552 1130 764 1180 prohibent,
786 1142 924 1180 eosque
944 1129 1202 1173 exterminant,
1223 1134 1266 1166 ut
1288 1129 1441 1166 Pennus

156 1190 260 1242 apud
279 1194 407 1241 patres
426 1194 586 1233 nostros,
607 1189 751 1239 Papius
769 1201 901 1239 nuper.
957 1189 1058 1226 Nam
1077 1201 1157 1226 esse
1178 1202 1247 1239 pro
1267 1189 1358 1233 cive,
1380 1189 1444 1239 qui
1462 1192 1485 1226 4

157 1250 246 1288 civis
271 1263 346 1287 non
373 1249 432 1294 sit,
452 1253 598 1287 rectum
627 1254 685 1286 est
713 1262 787 1286 non
815 1249 948 1286 licere:
978 1261 1093 1299 quam
1123 1248 1249 1299 legem
1275 1248 1443 1285 tulerunt

157 1309 415 1362 sapientissimi
444 1309 617 1347 consules
649 1309 810 1346 Crassus
839 1313 877 1346 et
905 1308 1100 1347 Scaevola:
1129 1321 1203 1345 usu
1221 1321 1311 1346 vero
1339 1308 1441 1346 urbis

157 1369 354 1421 prohibere
374 1369 590 1420 peregrinos
609 1381 698 1406 sane
717 1369 963 1406 inhumanum
982 1373 1050 1406 est.
1107 1368 1179 1406 Illa
1199 1368 1391 1419 praeclara,
1407 1368 1444 1405 in
1463 1374 1485 1407 5

157 1429 294 1480 quibus
321 1429 483 1480 publicae
501 1429 671 1467 utilitatis
697 1429 843 1479 species
862 1441 942 1479 prae
961 1429 1157 1465 honestate
1178 1428 1438 1466 contemnitur.

157 1489 276 1527 Plena
302 1488 561 1538 exemplorum
591 1493 648 1526 est
676 1493 804 1526 nostra
832 1501 892 1525 res
923 1488 1085 1538 publica,
1108 1501 1195 1525 cum
1223 1500 1337 1537 saepe,
1359 1492 1441 1525 tum
1461 1492 1483 1525 6

158 1549 317 1586 maxime
349 1548 448 1586 bello
480 1548 623 1585 Punico
656 1548 821 1585 secundo
838 1561 845 1584 :
876 1560 971 1598 quae,
1007 1547 1195 1584 Cannensi
1228 1547 1442 1585 calamitate

158 1613 327 1659 accepta,
347 1608 508 1659 majores
527 1607 670 1645 animos
689 1608 832 1652 habuit,
853 1620 967 1657 quam
986 1620 1152 1657 unquam
1171 1607 1285 1644 rebus
1313 1620 1442 1645 secun-

158 1667 229 1705 dis.
278 1667 394 1705 Nulla
412 1667 553 1704 timoris
574 1667 807 1718 significatio,
821 1668 924 1704 nulla
943 1667 1081 1704 mentio
1095 1667 1208 1718 pacis,
1256 1667 1375 1704 Tanta
1389 1667 1444 1704 vis
1465 1666 1483 1705 ’ἲ

158 1732 217 1765 est
235 1727 392 1771 honesti,
414 1732 458 1765 ut
476 1727 640 1778 speciem
655 1727 825 1764 utilitatis
842 1728 1029 1765 obscuret.
1085 1727 1337 1764 Athenienses
1357 1740 1443 1764 cum
1464 1731 1486 1764 8

159 1787 360 1825 Persarum
378 1787 563 1838 impetum
582 1787 685 1824 nullo
704 1787 818 1824 modo
834 1791 989 1837 possent
1008 1786 1201 1830 sustinere,
1219 1790 1444 1824 statuerent-

159 1859 243 1898 que,
263 1851 307 1884 ut
324 1847 418 1884 urbe
436 1847 577 1891 relicta,
599 1847 826 1898 conjugibus
845 1851 884 1884 et
902 1847 1028 1884 liberis
1049 1847 1230 1883 Troezene
1250 1845 1442 1897 depositiS,

159 1919 273 1945 naves
291 1906 596 1951 conscenderent,
616 1907 905 1958 libertatemque
929 1906 1088 1944 Graeciae
1115 1906 1235 1943 classe
1264 1906 1443 1943 defende-

158 1971 266 2012 rent;
297 1967 486 2018 Cyrsilum
503 1966 710 2017 quemdam
731 1967 965 2010 suadentem,
985 1970 1030 2003 ut
1048 1966 1086 2003 in
1114 1966 1208 2003 urbe
1237 1971 1444 2010 manerent,

160 2027 397 2078 Xerxemque
424 2027 644 2078 reciperent,
673 2026 860 2078 lapidibus
889 2030 1175 2076 cooperuerunt.
1232 2025 1354 2076 Atqui
1382 2026 1443 2063 illc
1465 2030 1486 2063 9

161 2086 361 2124 utilitatem
378 2087 483 2138 sequi
501 2087 724 2125 videbatur:
755 2086 823 2124 sed
842 2099 887 2124 ca
904 2086 1008 2123 nulla
1027 2090 1107 2123 erat
1124 2090 1360 2136 repugnante
1379 2086 1445 2123 ho-

162 2150 317 2184 nestate.
372 2147 642 2184 Themistocles
663 2150 750 2197 post
770 2145 964 2184 victoriam
991 2146 1074 2196 ejus
1104 2145 1204 2189 belli,
1228 2145 1331 2195 quod
1360 2158 1446 2182 cum
1468 2149 1513 2182 10

162 2205 288 2243 Persis
305 2205 386 2250 fuit,
407 2206 500 2244 dixit
519 2206 556 2244 in
575 2206 764 2250 concione,
793 2218 834 2243 se
861 2206 1002 2243 habere
1033 2205 1226 2243 consilium
1254 2204 1307 2242 rei
1327 2204 1446 2255 publi-

164 2277 219 2303 cae
239 2264 416 2309 salutare,
435 2266 502 2303 sed
521 2266 559 2304 id
579 2265 662 2304 sciri
692 2278 768 2303 non
793 2278 890 2316 opus
923 2278 1016 2302 esse.
1072 2264 1294 2308 Postulavit,
1314 2268 1357 2300 ut
1383 2263 1447 2300 ali-

163 2337 277 2376 quem
296 2324 460 2375 populus
479 2324 598 2369 daret,
618 2325 769 2376 quicum
790 2325 1092 2362 communicaret.
1141 2325 1264 2361 Datus
1285 2327 1342 2360 est
1360 2322 1446 2360 Ari·
1469 2327 1512 2360 11

165 2384 291 2423 stides.
347 2384 446 2422 Huic
464 2384 536 2429 ille,
558 2385 716 2423 classem
737 2384 1124 2427 Lacedaemoniorum,
1145 2395 1231 2432 quoe
1259 2381 1449 2419 subducta-

165 2448 266 2482 esset
284 2442 332 2481 ad
355 2443 561 2494 Gytheum,
578 2445 675 2482 clam
694 2443 840 2482 incendi
860 2456 991 2494 posse:
1022 2455 1097 2493 quo
1117 2442 1216 2479 facto
1236 2441 1358 2492 frangi
1377 2441 1448 2478 La-
