1674 2754
588 201 701 226 LIBER
719 201 776 226 111.
832 200 920 225 CAP.
942 200 1024 224 VIII.
1436 188 1487 224 95

131 287 300 326 tudinem
327 287 575 338 fugiendum;
604 287 695 338 quid
723 287 781 331 sit,
802 286 904 337 quod
932 286 1069 323 idcirco
1097 284 1318 335 fugiendum
1345 298 1419 322 non

130 348 189 392 sit,
202 347 305 399 quod
324 348 474 385 omnino
488 352 600 398 turpe
618 361 692 385 non
712 352 778 384 est.
823 347 900 384 Sed
916 346 1092 396 quoniam
1107 345 1210 394 operi
1229 345 1415 389 inchoato,
1439 350 1460 383 3

129 421 248 459 prope
259 412 386 445 tamen
397 408 582 452 absoluto,
596 412 790 458 tamquam
802 406 994 457 fastigium
1008 405 1235 456 imponimus
1249 416 1256 440 ι
1274 410 1316 440 ut
1328 417 1417 454 geo-

128 472 260 505 metrae
287 468 408 505 solent
436 481 511 505 non
539 468 662 505 omnia
691 468 838 511 docere,
859 467 926 504 sed
955 466 1158 517 postulare,
1178 470 1221 502 ut
1240 464 1418 514 quaedam
1449 500 1452 504 ,

127 527 197 566 sibi
216 528 480 572 concedantur,
497 541 572 578 quo
591 528 746 571 facilius,
767 540 853 577 quae
873 527 1015 570 volunt,
1038 526 1244 576 explicent:
1267 524 1319 562 sic
1341 538 1416 576 ege

127 600 150 624 a
168 592 207 625 te
226 588 387 638 postulo,
402 588 453 625 mi
474 588 616 632 Cicero,
633 592 676 624 ut
695 587 786 624 mihi
805 586 1000 630 concedas,
1018 586 1049 623 si
1068 590 1188 636 potes,
1205 586 1305 630 nihil,
1321 598 1416 636 prae-

127 652 186 685 ter
203 648 253 692 id,
275 647 376 698 quod
396 648 600 685 honestum
620 648 677 691 sit,
700 652 856 698 propter
875 659 914 683 se
933 658 1015 683 esse
1035 645 1302 696 expetendum.
1351 645 1417 682 Sin
1437 652 1461 682 4

127 707 199 745 hoc
229 721 304 746 non
333 708 421 746 licet
448 721 518 759 per
538 707 775 758 Cratippum,
796 712 835 744 at
854 706 947 744 illud
967 710 1069 743 certe
1090 705 1207 749 dabis,
1229 705 1332 756 quod
1350 705 1417 742 ho-

126 773 277 805 nestum
306 768 364 812 sit,
384 767 423 805 id
443 780 525 805 esse
552 768 714 805 maxime
744 771 900 818 propter
930 779 970 804 se
1001 765 1268 816 expetendum.
1325 764 1418 802 Mihi

126 828 311 865 utrumvis
330 827 420 865 satis
439 831 518 865 est:
539 832 577 864 et
595 832 678 865 tum
696 827 779 871 hoc,
793 831 875 863 tum
894 826 987 863 illud
1006 825 1236 876 probabilius
1256 825 1416 869 videtur,

125 899 194 924 nec
224 892 407 938 praetcrea
437 887 638 938 quiequam
665 887 871 938 probabile.
928 886 988 923 Ac
1010 885 1178 936 primum
1196 885 1234 922 in
1252 885 1325 922 hoc
1343 885 1416 921 Pa·
1437 890 1460 923 5

125 947 260 984 naetius
289 947 549 985 defendendus
579 952 648 990 est,
670 947 772 997 quod
799 959 873 983 non
900 946 1004 983 utilia
1035 959 1121 982 cum
1151 945 1316 982 honestis
1347 957 1416 995 pu-

125 1019 244 1057 gnare
263 1007 463 1057 aliquando
483 1019 594 1057 posse
614 1007 747 1044 dixerit
764 1005 901 1058 (neque
917 1006 1015 1043 enim
1030 1005 1063 1042 ei
1081 1006 1138 1042 fas
1158 1003 1255 1056 erat)
1272 1004 1340 1042 sed
1359 1017 1414 1048 ea,

125 1079 213 1117 quae
228 1067 449 1104 -viderentur
466 1067 581 1104 utilia.
638 1067 742 1104 Nihil
761 1079 851 1104 vero
871 1066 973 1110 utile,
995 1065 1098 1116 quod
1126 1078 1201 1102 non
1228 1065 1329 1102 idem
1349 1065 1415 1101 ho·
1437 1068 1460 1102 6

124 1130 300 1163 nestum:
329 1127 419 1164 nihil
447 1127 659 1171 honestum,
680 1126 782 1176 quod
811 1139 885 1163 non
912 1126 1012 1163 idem
1040 1125 1131 1162 utile
1160 1125 1218 1168 sit,
1240 1137 1342 1175 saepe
1361 1129 1414 1161 te-

125 1189 271 1223 statur:
301 1191 490 1237 negatque
510 1186 628 1223 ullam
647 1190 794 1236 pestem
820 1186 1003 1236 majorem
1022 1185 1059 1222 in
1078 1185 1194 1222 vitam
1222 1184 1417 1222 hominum

124 1245 313 1289 invasisse,
334 1258 447 1296 quam
468 1258 598 1283 eorum
617 1245 842 1296 opinionem,
859 1245 922 1295 qui
941 1245 1011 1282 ista
1031 1244 1281 1282 distraxerint.
1338 1244 1416 1281 Ita·
1437 1244 1459 1282 '7

125 1318 199 1356 que
225 1319 301 1343 non
328 1310 371 1343 ut
399 1305 601 1356 aliquando
620 1310 936 1357 anteponeremus
957 1305 1062 1342 utilia
1089 1304 1265 1349 honestis,
1287 1304 1354 1341 sed
1373 1309 1417 1341 ut

125 1377 171 1403 ea
199 1365 278 1403 sine
308 1378 435 1403 errore
465 1365 768 1417 dijudicaremus,
790 1366 820 1402 si
840 1365 992 1416 quando
1019 1365 1247 1409 incidissent,
1268 1364 1417 1402 induxit

125 1437 220 1470 eam,
234 1438 319 1476 quae
331 1425 523 1463 videretur
537 1438 632 1470 esse,
646 1439 721 1463 non
734 1439 819 1475 quae
835 1430 944 1469 esset,
959 1425 1259 1476 repugnantiam.
1305 1425 1415 1462 Hanc
1437 1428 1461 1462 8

125 1485 240 1536 igitur
258 1490 405 1536 partem
424 1485 597 1523 relictam
616 1485 863 1536 explebimus,
880 1485 990 1522 nullis
1011 1484 1256 1528 adminiculis,
1274 1484 1352 1528 sed,
1373 1489 1418 1521 ut

127 1545 274 1589 dicitur,
303 1545 426 1582 Marte
453 1550 594 1582 nostro.
651 1545 787 1595 Neque
818 1545 917 1581 enim
946 1544 1148 1595 quicquam
1179 1548 1237 1581 cst
1267 1543 1314 1580 de
1344 1544 1416 1582 hac
1437 1548 1460 1582 9

127 1609 235 1656 parte
255 1609 341 1655 post
355 1605 569 1642 Panaetium
585 1605 826 1655 explicatum,
841 1604 943 1655 quod
957 1604 1109 1654 quidem
1129 1604 1219 1641 mihi
1238 1604 1415 1655 probare-

127 1669 201 1709 tur,
222 1664 270 1702 de
288 1664 343 1709 iis,
365 1677 451 1715 quae
472 1664 510 1702 in
528 1677 662 1702 manus
682 1677 784 1702 meas
804 1664 984 1702 venerint.

179 1784 292 1822 VIII.
315 1784 414 1822 Cum
431 1783 547 1835 igitur
565 1784 691 1834 aliqua
710 1784 854 1835 species
873 1784 1044 1821 utilitatis
1059 1783 1212 1834 objecta
1229 1788 1298 1827 est,
1315 1796 1415 1821 com-

125 1844 267 1882 moveri
284 1854 433 1882 necesst
457 1848 536 1882 est:
566 1844 634 1882 sed
653 1844 694 1888 si,
717 1857 803 1881 cum
823 1844 992 1881 animum
1011 1843 1227 1888 attenderis,
1249 1844 1415 1894 turpitu-

126 1904 252 1942 dinem
271 1904 398 1942 videas
418 1903 638 1955 adjunctam
658 1904 691 1942 ei
709 1904 773 1949 rei,
794 1917 882 1954 quae
901 1904 1066 1955 speciem
1090 1904 1266 1943 utilitatis.
1279 1903 1414 1941 attule-

125 1964 186 2008 rit,
205 1969 288 2002 tum
305 1977 380 2002 non
406 1964 546 2001 utilitas
575 1964 819 2015 relinquenda
847 1968 915 2008 est,
937 1964 1004 2001 scd
1032 1963 1329 2015 intelligendum,
1350 1963 1415 2001 ubi

127 2024 322 2075 turpitudo
341 2024 399 2069 sit,
419 2024 469 2063 ibi
487 2024 688 2062 utilitatem
706 2037 789 2062 esse
807 2037 882 2061 non
902 2036 1024 2075 posse.
1075 2024 1220 2070 Quodsi
1245 2024 1337 2061 nihil
1356 2029 1415 2061 est
1436 2028 1457 2061 2

129 2089 207 2122 tam
225 2088 354 2122 contra
380 2089 565 2129 naturam,
587 2097 702 2136 quam
732 2084 929 2135 turpitudo
950 2084 1073 2136 (recta
1104 2084 1202 2121 enim
1222 2089 1260 2121 ct
1280 2096 1413 2127 conve-

127 2143 266 2181 nientia
285 2149 322 2181 et
341 2144 549 2183 constantia
568 2149 703 2182 natura
721 2144 922 2189 desiderat,
944 2149 1245 2195 aspernaturque
1267 2149 1414 2182 contra-

128 2202 198 2255 ria)
218 2203 384 2254 nihilque
402 2208 481 2242 tam
500 2205 710 2242 secundum
729 2210 915 2249 naturam,
936 2218 1051 2255 quam
1071 2205 1235 2248 utilitas3
1258 2208 1358 2241 certe
1378 2203 1415 2240 in

128 2263 262 2301 eadem
281 2275 321 2300 re
340 2263 480 2301 utilitas
499 2269 537 2302 ct
556 2265 754 2316 turpitudo
783 2277 865 2302 esse
891 2278 966 2302 non
995 2269 1132 2315 potest.
1189 2265 1362 2313 Itemque
1383 2263 1414 2300 si
1435 2267 1456 2300 3

129 2323 179 2361 ad
197 2323 434 2361 honestatem
451 2324 528 2361 nati
556 2337 698 2369 sumus,
719 2337 838 2375 eaque
857 2329 923 2362 aut
943 2325 1021 2362 sola
1050 2323 1263 2375 expetenda
1283 2327 1351 2366 est,
1372 2327 1415 2359 ut

128 2383 267 2421 Zenoni
285 2383 407 2420 visum
425 2387 494 2427 est,
514 2388 580 2421 aut
608 2389 709 2422 certe
736 2384 837 2422 omni
867 2384 1032 2435 pondere
1063 2383 1211 2434 gravior
1240 2381 1415 2419 habenda

129 2455 243 2494 quam
258 2442 401 2493 reliqua
412 2443 545 2488 omnia,
558 2444 663 2494 quod
679 2444 875 2482 Aristoteli
896 2444 1020 2495 placet
1033 2457 1040 2485 ;
1061 2455 1213 2480 neccsse
1229 2446 1297 2485 est,
1312 2441 1413 2492 quod
