1674 2754
135 202 183 237 84
687 194 739 237 DE'
765 212 932 237 ore-mens

158 297 179 334 7
254 297 437 348 Idemque
470 298 653 349 praecipit,
687 303 731 335 ut
763 311 826 335 eos
856 297 1091 335 adversarios
1123 298 1390 343 existimemus,
1419 298 1483 348 qui

199 370 304 394 arma
323 364 452 395 contra
470 359 592 395 ferant
608 372 616 402 ;
637 371 712 395 nou
726 371 801 402 eos,
818 358 882 408 qui
902 370 971 394 suo
987 357 1129 408 judicio
1149 357 1244 394 tueri
1262 371 1341 395 rem
1361 358 1479 408 publi-

199 429 282 454 cam
303 418 440 455 velint:
470 418 590 468 qualis
619 418 690 455 fuit
717 418 813 455 inter
839 418 882 455 P.
904 417 1138 462 Africanum,
1159 422 1196 455 et
1217 418 1260 463 Q.
1288 417 1482 455 Metellum

199 477 277 514 sine
297 477 501 515 acerbitate
521 477 712 515 dissensio.

156 541 178 574 8
251 537 333 574 Nec
353 550 441 574 vero
461 537 647 582 audiendi,
669 537 732 587 qui
751 537 916 588 graviter
943 536 1096 574 inimicis
1115 537 1354 574 irascendum
1374 542 1483 588 puta-

198 597 304 640 bunt,
325 597 439 647 idque
467 597 696 648 magnanimi
715 602 752 634 et
767 597 877 634 'fortis
898 597 965 634 viri
995 609 1076 634 esse
1108 597 1324 635 censebunt.
1382 597 1484 634 Nihil

198 657 295 694 enim
315 657 549 700 laudabilius,
566 657 656 694 nihil
675 670 815 708 magno
836 662 874 694 et
894 657 1077 707 praeclaro
1093 657 1171 694 viro
1191 657 1339 708 dignius
1359 657 1484 707 placa-

157 721 178 752 9
199 716 341 753 bilitate
371 722 484 767 atque
513 717 719 754 clementia.
776 717 822 753 In
841 716 966 754 liberis
987 729 1074 754 vero
1102 717 1310 767 populislet
1328 717 1365 753 in
1391 717 1486 768 juris

199 777 453 826 aequabilitate
485 777 694 814 exercenda
723 777 835 814 etiam
864 781 921 813 est
947 777 1104 814 facilitas
1125 782 1162 814 et
1182 777 1342 814 altitudo
1361 776 1484 820 animi,

198 849 283 885 quae
306 836 442 872 dicitur
459 849 466 872 :
496 849 554 879 ne,
577 837 606 873 si
625 837 831 873 irascamur
849 841 915 873 aut
940 836 1201 886 intempestive
1222 837 1487 874 accedentibus

199 900 264 931 aut
284 895 525 945 impudenter
552 896 786 946 rogantibuS,
807 895 845 932 in
864 896 1122 932 morositatem
1140 896 1308 933 inutilem
1327 901 1365 933 et
1384 896 1485 933 odio-

135 959 177 991 10
199 967 279 991 sam
295 955 515 992 incidamus.
559 955 609 991 Et
624 960 751 992 tamen
766 955 817 992 ita
832 955 1027 1005 probanda
1041 960 1098 992 est
1112 955 1361 993 mansuetudo
1374 961 1487 1005 atque

198 1015 404 1058 clementia,
439 1020 482 1051 ut
516 1015 742 1052 adhibeatur
770 1015 823 1052 rei
851 1012 1013 1065 publicae
1044 1027 1157 1052 eausa
1189 1016 1380 1059 severitas,
1410 1016 1487 1052 sine

134 1079 175 1111 11
198 1087 272 1124 qua
299 1075 549 1112 administrari
577 1075 705 1112 civitas
734 1088 808 1112 non
837 1079 973 1125 potest.
1032 1075 1162 1112 Omnis
1191 1080 1319 1112 autem
1346 1080 1384 1113 et
1412 1076 1486 1113 ani-

197 1134 407 1172 madversio
436 1140 474 1172 et
503 1135 699 1185 castigatio
729 1135 955 1172 contumelia
973 1147 1106 1172 vacare
1133 1135 1267 1172 debet:
1297 1148 1418 1186 neque
1438 1136 1487 1172 ad

198 1194 291 1244 ejus,
308 1194 372 1244 qui
388 1195 542 1244 punitur
555 1195 716 1244 aliquem
732 1200 798 1231 aut
813 1195 935 1232 verbis
951 1195 1122 1245 castigat,
1140 1195 1206 1232 sed
1226 1195 1275 1232 ad
1294 1196 1346 1232 rei
1366 1196 1486 1246 publi-

133 1257 176 1290 12
199 1266 251 1291 cae
271 1254 469 1291 utilitatem
497 1255 635 1292 referri.
695 1254 914 1292 Cavendum
934 1259 991 1291 est
1011 1255 1135 1298 etiam,
1157 1268 1203 1292 ne
1222 1256 1344 1306 major
1371 1269 1487 1306 poena

198 1326 311 1364 quam
332 1314 444 1365 culpa
464 1315 522 1357 sit,
544 1319 582 1351 et
602 1327 648 1351 ne
667 1314 798 1351 iisdem
819 1314 866 1351 de
888 1314 1008 1351 causis
1028 1315 1087 1351 alii
1116 1312 1339 1365 plectantur,
1362 1316 1422 1353 alii
1441 1329 1487 1354 ne

198 1374 438 1424 appellentur
466 1374 630 1424 quidem.
687 1375 930 1412 Prohibenda
957 1380 1085 1411 autem
1112 1375 1274 1413 maxime
1294 1381 1352 1413 est
1379 1377 1432 1413 ira
1450 1377 1487 1413 in

134 1438 177 1470 13
199 1434 399 1484 puniendo.
456 1434 661 1484 Nunquam
691 1435 800 1478 enim,
821 1431 948 1471 iratus
966 1435 1029 1484 qui
1056 1435 1211 1472 accedet
1241 1435 1290 1472 ad
1321 1449 1484 1486 poenam,

197 1494 497 1531 mediocritatem
515 1495 618 1531 illam
638 1494 793 1537 tenebit,
810 1491 971 1544 quaeest
990 1492 1085 1531 inter
1104 1494 1260 1532 nimium
1275 1500 1313 1532 et
1328 1509 1463 1546 parum
1478 1510 1486 1539 ;

198 1567 283 1603 quae
306 1554 431 1604 placet
449 1553 722 1604 Peripateticis,
740 1558 777 1590 et
797 1559 899 1591 recte
915 1552 1066 1604 placet:
1087 1554 1202 1591 modo
1223 1568 1268 1592 ne
1287 1552 1488 1593 laudarent

135 1617 177 1650 14
198 1613 440 1657 iracundiam,
463 1618 500 1651 et
528 1613 706 1657 dicerent,
734 1613 875 1650 utiliter
902 1627 923 1650 a
951 1619 1085 1651 natura
1115 1614 1253 1652 datam.
1310 1616 1380 1652 Illa
1399 1629 1487 1653 vero

197 1674 369 1711 omnibus
399 1674 438 1710 in
467 1674 581 1711 rebus
608 1673 844 1724 repudianda
872 1678 940 1717 est,
971 1674 1268 1724 optandumque,
1292 1679 1335 1712 ut
1362 1675 1396 1719 ii,
1424 1676 1488 1726 qui

199 1739 372 1784 praesunt
390 1734 443 1770 rei
463 1734 638 1783 publicae,
659 1734 789 1784 legum
818 1733 955 1770 similes
975 1734 1057 1777 sint,
1079 1747 1164 1784 quae
1187 1734 1235 1771 ad
1255 1735 1486 1784 puniendum

197 1805 271 1829 non
290 1793 492 1836 iracundia,
514 1793 582 1830 sed
602 1793 781 1842 aequitate
802 1793 1002 1830 ducuntur.

251 1912 394 1949 XXVI.
424 1911 555 1962 Atque
575 1916 687 1948 etlam
713 1911 750 1948 in
777 1912 890 1949 rebus
919 1912 1108 1962 prosperis
1129 1917 1166 1949 et
1186 1913 1235 1950 ad
1254 1916 1486 1953 voluntatem

200 1976 368 2008 nostram
396 1971 598 2009 fluentibus
627 1972 843 2022 superbiam
867 1984 1008 2022 magno
1027 1985 1151 2022 opere,
1172 1973 1364 2011 fastidium
1384 1987 1484 2012 arro-

155 2035 181 2071 2
200 2032 442 2082 gantiamque
472 2031 672 2082 fugiamus
730 2031 831 2068 Nam
859 2036 902 2068 ut
930 2031 1106 2068 adversas
1135 2045 1204 2076 res,
1227 2033 1278 2070 sic
1299 2035 1484 2072 secundas

198 2091 444 2129 immoderate
472 2091 568 2128 ferre
596 2091 757 2128 levitatis
786 2096 866 2128 est:
897 2092 1155 2142 praeclaraque
1173 2090 1232 2129 est
1252 2094 1484 2143 aequabilitas

198 2151 235 2189 in
254 2151 354 2188 omni
374 2151 460 2193 vita,
484 2155 522 2188 et
547 2151 648 2188 idem
677 2163 827 2201 semper
845 2149 982 2188 vultus*
1002 2151 1212 2201 eademque
1240 2153 1353 2197 frons,
1374 2159 1418 2191 ut
1437 2155 1484 2192 de

156 2216 178 2249 3
201 2212 355 2249 Socrate
370 2210 535 2260 itemque
551 2210 598 2247 de
615 2210 657 2247 C.
675 2210 792 2247 Laelio
812 2211 1036 2261 accepimus.
1084 2211 1303 2262 Philippum
1319 2214 1483 2263 quidem,

198 2270 452 2307 Macedonum
482 2282 623 2320 regem,
645 2270 758 2306 rebus
784 2270 900 2320 gestis
921 2275 958 2306 et
977 2270 1096 2321 gloria
1115 2277 1336 2321 superatum
1355 2286 1378 2310 a
1396 2274 1483 2318 filio,

157 2334 178 2367 4
197 2330 375 2367 facilitate
391 2335 429 2366 et
443 2329 676 2366 humanitate
691 2329 799 2366 video
816 2331 1046 2380 superiorem
1062 2331 1186 2368 fuisse.
1235 2333 1370 2383 Itaque
1390 2334 1484 2371 alter

198 2403 348 2441 semper
365 2402 537 2441 magnuS,
559 2390 654 2426 alter
672 2403 777 2440 saepe
803 2390 1040 2440 turpissimus
1057 2403 1064 2427 ε
1094 2396 1137 2428 ut
1155 2396 1257 2429 recte
1277 2393 1484 2444 praecipere

197 2450 405 2494 videantur,
433 2449 497 2501 qui
527 2453 692 2494 monent,
721 2454 776 2494 ut,
804 2454 946 2501 quanto
976 2451 1186 2501 superiores
1213 2464 1356 2495 sumuS,
1377 2457 1483 2492 tanto
