1674 2754
627 167 739 191 munit
758 168 782 191 1.
839 167 926 191 CAP.
948 167 1057 191 anr.
1458 158 1503 193 31

157 252 207 291 Ut
225 252 322 290 enim
341 252 432 291 alios
451 252 633 297 omittam,
653 253 762 291 nobis
789 265 870 290 rem
903 252 1096 303 publicam
1124 253 1436 303 gubernantibus,
1459 258 1506 292 11

151 325 273 350 nonne
302 317 404 364 togae
436 326 542 350 arma
575 314 801 351 cesserunt?
830 325 953 362 neque
981 312 1080 349 enim
1109 313 1318 362 periculum
1337 314 1374 350 in
1398 327 1438 351 re

98 388 111 398 .
150 372 302 423 publica
320 373 390 410 fuit
409 374 561 424 gravius
581 386 759 423 unquam,
778 385 847 410 nec
867 372 990 423 majus
1010 372 1140 409 otium.
1198 373 1259 409 Ita
1279 373 1438 410 consiliis
1460 377 1506 411 12

150 432 416 484 diligentiaque
444 434 574 471 nostra
594 433 762 485 celeriter
782 433 830 470 de
845 433 1018 469 manibus
1037 432 1370 469 audacissimorum
1390 433 1437 470 ci-

150 492 251 530 vium
271 493 426 544 delapsa
456 506 561 531 arma
588 494 670 544 ipsa
699 493 924 531 ceciderunt.
983 493 1079 538 Quae
1107 505 1167 530 res
1195 492 1310 543 igitur
1328 498 1438 543 gesta
1460 497 1506 530 13

148 545 314 603 unquam
334 553 372 590 in
391 554 491 591 bello
511 554 644 591 tanta?
674 554 738 604 qui
757 553 973 603 triumphus
994 552 1244 590 conferendus
1261 553 1277 589 ἱ)
1333 553 1439 590 Licet

148 613 246 650 enim
265 613 366 658 mihi,
388 614 516 652 Marce
537 614 598 658 fili,
621 613 726 664 apud
745 618 783 651 te
801 613 962 664 gloriari,
985 613 1034 650 ad
1055 626 1169 663 quem
1191 617 1229 650 et
1247 613 1438 650 hereditas

148 673 262 724 hujus
294 673 424 724 gloriae
453 679 492 712 et
523 674 710 711 factorum
739 673 896 711 imitatio
930 673 1104 724 pertinet.
1161 673 1254 710 Mihi
1285 673 1437 723 quidem
1461 676 1507 709 14

148 738 250 771 certe
277 734 332 771 vir
356 734 554 772 abundans
586 734 728 772 bellicis
761 734 937 771 laudibus
959 734 1027 771 Cn.
1058 733 1274 784 Pompeius,
1303 733 1432 770 multis

147 794 395 838 audientibus,
425 795 498 832 hoc
530 794 670 838 tribuit,
700 798 744 831 ut
776 794 928 838 diceret,
958 794 1099 831 frustra
1132 807 1171 831 se
1200 794 1438 844 triumphum

147 855 299 892 tertium
315 854 603 904 deportaturum
621 854 747 898 fuisse,
765 854 835 892 nisi
854 867 938 892 meo
957 855 994 891 in
1013 867 1092 891 rem
1114 854 1305 905 publicam
1324 855 1436 893 bene-

148 914 241 958 ficio,
257 915 323 952 ubi
341 915 601 965 triumpharet,
619 919 718 952 esset
737 915 949 952 habiturus.
1008 914 1107 951 Sunt
1126 914 1241 965 igitur
1260 913 1436 951 domesti-
1460 919 1506 952 15

147 987 203 1012 cae
232 974 467 1012 fortitudines
499 987 573 1011 non
605 975 794 1012 inferiores
824 975 1070 1012 militaribus:
1111 974 1148 1011 in
1181 974 1317 1024 quibus
1351 974 1438 1024 plus

147 1035 272 1082 etiam,
284 1026 408 1085 'quam
427 1035 464 1072 in
482 1035 551 1078 his,
574 1046 701 1085 operae
720 1035 910 1085 studiique
932 1035 1152 1085 ponendum
1171 1039 1240 1072 est.

197 1154 346 1191 XXIII.
378 1154 540 1191 Omnino
565 1153 658 1191 illud
689 1154 904 1198 honestum,
926 1153 1029 1204 quod
1058 1166 1105 1191 ex
1134 1153 1258 1191 animo
1290 1154 1438 1192 excelso

145 1214 418 1266 magnificoque
445 1214 658 1265 quaerimus,
679 1214 792 1251 animi
813 1214 980 1258 efficitur,
1003 1227 1078 1252 non
1099 1214 1265 1265 corporis
1284 1214 1436 1253 viribus.

145 1274 408 1312 Exercendum
436 1279 563 1312 tamen
589 1277 727 1325 corpus
748 1279 786 1311 et
804 1274 861 1328 ita*
876 1267 1114 1312 afficiendum
1133 1279 1201 1319 est,
1222 1279 1266 1312 ut
1285 1275 1438 1313 obedire

145 1334 296 1372 consilio
315 1335 524 1385 rationique
552 1334 672 1385 possit
699 1334 736 1371 in
765 1335 995 1385 exequendis
1014 1335 1175 1386 negotiis
1195 1339 1234 1372 et
1252 1335 1290 1372 in
1308 1335 1438 1373 labore

145 1395 350 1432 tolerando.
398 1395 611 1432 Honestum
631 1399 760 1432 autem
779 1395 829 1439 id,
851 1395 954 1445 quod
973 1394 1217 1445 exquirimus,
1234 1399 1360 1432 totum
1379 1400 1437 1433 est
1457 1400 1479 1433 2

145 1455 311 1506 positum
338 1455 376 1492 in
402 1455 515 1492 animi
543 1467 634 1492 cura
664 1459 702 1492 et
731 1455 980 1506 cogitatione:
1010 1455 1048 1492 in
1067 1468 1143 1506 quo
1162 1468 1237 1492 non
1256 1455 1438 1493 minorem

144 1515 344 1553 utilitatem
376 1515 548 1558 afferunt,
579 1515 643 1565 qui
674 1515 797 1565 togati
829 1515 883 1552 rei
916 1515 1079 1565 publicae
1112 1521 1292 1566 praesunt,
1323 1528 1437 1566 quam

145 1575 210 1625 qui
236 1575 386 1612 bellum'
412 1577 560 1625 gerunt.
587 1575 754 1624 A'Itaque
788 1587 918 1611 eorum
949 1575 1102 1612 consilio
1133 1587 1235 1626 saepe
1267 1580 1335 1612 aut
1361 1589 1436 1613 non
1457 1580 1480 1614 3

145 1638 334 1685 suscepta,
356 1638 423 1671 aut
442 1634 615 1671 confecta
634 1634 736 1671 bella
754 1638 853 1678 sunt,
874 1646 1145 1686 nonnunquam
1166 1635 1278 1672 etiam
1307 1635 1433 1673 illata:

145 1699 188 1731 ut
206 1694 258 1731 M.
281 1694 434 1732 Catonis
454 1694 596 1732 bellum
615 1694 769 1731 tertium
789 1694 988 1739 Punicum,
1010 1695 1047 1732 in
1066 1708 1142 1745 quo
1163 1695 1279 1732 etiam
1298 1696 1436 1733 mortui

144 1754 261 1792 valuit
279 1754 492 1791 auctoritas.
550 1755 675 1799 Quare
691 1754 904 1805 expetenda
919 1755 1073 1805 quidem
1092 1756 1213 1806 magis
1229 1760 1287 1793 est
1306 1756 1434 1794 decer·
1455 1760 1479 1794 4

144 1814 256 1852 nendi
269 1814 381 1859 ratio,
399 1826 514 1864 quam
526 1814 974 1864 ,decertandifortitudoe
1005 1814 1073 1852 sed
1093 1815 1315 1860 cavendum,
1331 1829 1378 1854 ne
1397 1816 1436 1854 id

143 1874 308 1913 bellandi
321 1874 444 1925 magis
463 1874 568 1926 fuga,
586 1887 700 1925 quam
715 1874 887 1912 utilitatis
902 1875 1046 1912 ratione
1062 1876 1256 1914 faciamus
1287 1877 1437 1915 Bellum

143 1938 271 1972 autem
302 1934 355 1972 ita
387 1935 624 1985 suscipiatur,
654 1940 698 1972 ut
729 1935 821 1972 nihil
855 1935 958 1972 aliud
991 1936 1060 1973 nisi
1094 1949 1169 1987 pax
1197 1937 1355 1987 quaesita
1382 1937 1435 1975 vi-

143 1994 290 2032 deatur.
347 1994 471 2032 Fortis
490 2008 580 2032 vero
601 1999 640 2032 et
659 1995 867 2033 constantis
895 2000 964 2040 est,
986 2009 1062 2034 non
1090 1997 1304 2047 perturbari
1324 1997 1360 2034 in
1377 2011 1433 2036 re·
1456 2004 1479 2037 5

143 2054 214 2093 bus
241 2054 397 2106 asperis,
418 2067 486 2092 nec
507 2055 802 2093 tumultuantem
833 2055 882 2093 de
909 2055 1033 2107 gradu
1061 2056 1184 2108 dejici,
1205 2061 1249 2094 ut
1277 2057 1435 2102 dieitur;

143 2115 210 2153 sed
239 2115 416 2166 praesenti
443 2115 569 2153 animo
588 2115 701 2153 uti'et
722 2116 887 2160 consilio,
908 2129 978 2154 nec
1006 2130 1028 2153 a
1056 2117 1200 2155 ratione
1229 2107 1433 2156 discedere.

143 2176 382 2226 Quamquam
398 2176 480 2214 ‚hoc
509 2176 631 2220 animi,
661 2176 754 2214 illud
783 2176 896 2214 etiam
924 2177 1061 2228 ingenii
1093 2178 1219 2229 magni
1249 2183 1317 2222 est,
1340 2191 1434 2229 prae-
1456 2184 1478 2216 6

143 2236 266 2287 cipere
286 2236 511 2287 cogitatione
531 2236 669 2280 futura,
692 2241 730 2274 et
749 2237 941 2287 aliquanto
971 2243 1057 2275 ante
1080 2239 1320 2282 constituere,
1344 2238 1435 2288 quid

142 2295 312 2334 accidere
341 2296 460 2347 possit
487 2296 524 2333 in
553 2301 753 2347 utramque
786 2302 944 2348 partem,
966 2302 1004 2335 et
1031 2298 1122 2348 quid
1154 2298 1346 2349 agendum
1373 2298 1433 2342 sit,

142 2369 230 2394 cum
249 2355 340 2406 quid
359 2356 523 2395 evenerit
536 2370 545 2401 ;
574 2369 643 2395 nec
664 2357 914 2401 committere,
930 2362 974 2395 ut
1001 2358 1202 2408 aliquando
1231 2357 1434 2396 dicendum

142 2415 189 2454 sit
207 2429 281 2454 mm
305 2421 495 2465 putaram.
553 2417 648 2455 Haec
668 2422 757 2456 sunt
785 2429 903 2468 opera
930 2417 1058 2469 magni
1077 2417 1191 2456 animi
1218 2422 1257 2456 et
1283 2416 1432 2462 excelsi,
