1674 2754
115 170 161 204 12
663 178 711 203 nn
740 175 907 203 OFFICIIS

179 265 413 302 nobilitatum
451 276 525 301 non
561 264 619 308 sit,
650 269 776 300 tamen
811 263 1012 299 honestum
1045 267 1125 306 est;
1165 263 1342 313 quodque
1369 274 1456 300 vere

180 324 349 369 dicimus,
370 324 516 362 etiamsi
534 337 557 361 a
575 324 679 361 nullo
697 323 884 366 laudetur,
904 326 1038 359 natura
1057 335 1139 360 esse
1157 322 1344 360 laudabile

231 444 280 483 V.
308 445 485 482 Formam
503 443 655 494 quidem
674 443 807 493 ipsam,
828 442 956 480 Marce
975 442 1037 485 fili,
1055 446 1093 479 et
1112 446 1305 492 tamquam
1323 441 1454 479 faciem

178 504 324 542 honesti
350 504 477 541 vides:
507 516 607 553 quae,
638 503 669 540 si
695 502 812 540 oculis
840 506 1065 545 cerneretur,
1085 501 1271 539 mirabiles
1298 514 1456 545 amores,

136 568 157 601 2
178 568 222 601 ut
257 564 310 601 ait
345 564 468 607 Plato,
503 563 683 600 excitaret
720 561 927 612 sapientiae.
984 561 1062 598 Sed
1095 573 1215 605 omne,
1253 561 1356 611 quod
1401 565 1458 598 est

177 624 389 667 honestum,
409 623 448 661 id
476 627 655 673 quattuor
674 622 837 672 partium
855 621 971 658 oritur
998 633 1045 658 ex
1072 621 1205 671 aliqua.
1260 621 1343 658 Aut
1362 621 1458 658 enim

177 683 215 720 in
242 683 505 734 perspicientia
532 682 610 720 veri
637 681 876 731 sollertiaque
902 685 1095 719 versatur:
1124 686 1191 718 aut
1209 680 1246 718 in
1265 681 1460 717 hominum

177 744 354 780 societate
381 742 533 786 tuenda,
555 741 830 791 tribuendoque
858 754 969 778 suum
996 741 1142 791 cuique,
1163 745 1201 777 et
1219 753 1344 777 rerum
1373 753 1458 777 con-

178 808 384 840 tractarum
403 802 497 839 fide:
528 807 594 839 aut
613 802 650 838 in
679 797 791 837 animi
810 801 947 838 excelsi
975 805 1090 850 atque
1117 800 1242 837 invicti
1271 800 1458 850 magnitu-

178 862 262 899 dine
290 875 334 899 ac
353 862 508 899 robore:
538 866 604 898 aut
623 861 659 897 in
679 861 855 903 omnium,
875 873 961 910 quae
980 860 1074 896 fiunt
1093 872 1252 909 quaeque
1273 859 1457 903 dicuntur,

134 927 156 959 3
178 922 305 959 ordine
325 926 364 958 et
381 921 507 964 modo,
522 920 560 957 in
578 933 653 970 quo
672 920 766 956 inest
785 919 969 956 modestia
988 924 1026 956 et
1053 919 1312 968 temperantia.
1368 919 1460 963 Quae

177 986 356 1032 quattuor
384 992 615 1030 quamquam
634 980 730 1016 inter
749 992 789 1016 se
810 979 988 1029 colligata
1015 983 1129 1028 atque
1149 978 1339 1028 implicata
1359 982 1459 1022 sunt,

177 1047 304 1078 tamen
324 1053 370 1077 ex
389 1040 543 1091 singulis
564 1045 666 1076 certa
685 1039 890 1076 officiorum
918 1050 1057 1089 genera
1076 1042 1289 1075 nascuntur.
1345 1037 1462 1074 Velut

181 1113 227 1138 ex
255 1113 299 1138 ea
322 1105 440 1150 parte,
462 1112 547 1149 quae
570 1099 690 1149 prima
718 1098 907 1148 descripta
932 1103 1000 1141 est,
1022 1098 1059 1134 in
1084 1110 1159 1147 qua
1185 1097 1404 1147 sapientiam
1424 1101 1463 1134 et

180 1160 418 1211 prudentiam
455 1159 639 1210 ponimus,
669 1158 764 1195 inest
796 1157 988 1208 indagatio
1021 1162 1135 1207 atque
1171 1156 1334 1194 inventio
1361 1156 1460 1200 ven‘;

135 1225 158 1258 4
178 1221 334 1271 ejusque
354 1219 500 1257 virtutis
520 1219 591 1256 hoc
611 1231 747 1255 munus
767 1222 825 1254 est
845 1217 1049 1267 proprium.
1105 1216 1160 1253 Ut
1189 1216 1286 1253 enim
1305 1216 1462 1266 quisque

177 1280 337 1317 maxime
365 1278 554 1330 perspicit,
576 1277 667 1327 quid
695 1278 732 1314 in
751 1289 790 1314 re
818 1289 967 1327 quaque
993 1276 1226 1313 verissimum
1245 1276 1303 1319 sit,
1325 1276 1462 1326 quique

178 1339 389 1377 acutissime
404 1343 443 1376 et
455 1338 644 1375 celerrime
660 1342 787 1388 potest
804 1342 842 1374 et
862 1337 988 1374 videre
1004 1342 1042 1373 et
1058 1336 1242 1386 explicare
1257 1335 1438 1373 rationem
1453 1349 1462 1380 ;

135 1406 157 1439 5
177 1400 208 1437 is
236 1399 546 1450 prudentissimus
566 1404 604 1435 et
623 1398 920 1448 sapientissimus
940 1397 1009 1434 rite
1038 1396 1169 1434 haberi
1197 1396 1302 1435 solet.
1360 1396 1456 1442 Quo

178 1459 274 1497 circa
301 1459 398 1502 huie,
427 1458 533 1509 quasi
558 1458 724 1501 materia,
746 1471 860 1508 quam
890 1462 1026 1494 tractet
1055 1462 1092 1494 et
1119 1457 1156 1494 in
1183 1470 1258 1507 qua
1282 1462 1461 1501 versetur,

179 1519 350 1569 subjecta
369 1523 427 1556 est
445 1518 592 1555 veritas.
641 1518 807 1568 Reliquis
827 1522 955 1554 autem
973 1517 1094 1554 tribus
1114 1517 1317 1554 virtutibus
1336 1529 1462 1554 neces-

178 1579 306 1616 sitates
334 1578 538 1629 propositae
569 1582 656 1614 sunt
676 1577 725 1614 ad
745 1590 807 1614 eas
827 1590 885 1614 res
905 1576 1092 1627 parandas
1112 1576 1359 1626 tuendasque,
1381 1576 1461 1626 qui-

178 1639 250 1676 bus
269 1639 367 1675 actio
386 1638 475 1676 vitae
509 1638 742 1681 continetur;
771 1642 814 1674 ut
834 1641 873 1674 et
893 1636 1053 1674 societas
1074 1636 1267 1673 hominum
1287 1636 1463 1686 conjunc-

179 1699 306 1749 tioque
325 1703 517 1741 servetur;
549 1702 587 1734 et
615 1697 724 1734 animi
744 1696 964 1734 excellentia
992 1695 1301 1746 magnitudoque,
1323 1708 1408 1732 cum
1427 1695 1464 1732 in

180 1758 361 1809 augendis
391 1758 524 1807 opibus
544 1758 843 1806 utilitatibusque
871 1761 909 1793 et
929 1756 1000 1793 sibi
1028 1761 1066 1792 et
1093 1755 1169 1792 suis
1189 1755 1462 1805 comparandis,

137 1823 159 1857 6
180 1823 261 1856 tum
288 1818 407 1854 multo
434 1816 554 1867 magis
581 1817 618 1853 in
644 1816 702 1853 his
731 1816 821 1866 ipsis
854 1814 1113 1865 despiciendis,
1143 1814 1300 1852 eluceat.
1358 1814 1462 1852 Ordo

180 1882 318 1921 autem,
339 1882 378 1914 et
397 1876 613 1920 constantia,
635 1880 673 1913 et
691 1875 910 1919 moderatio,
931 1879 970 1911 et
985 1886 1039 1917 ea,
1060 1886 1146 1923 quae
1168 1878 1255 1910 sunt
1287 1873 1345 1910 his
1365 1874 1463 1911 simi-

180 1937 240 1981 lia,
268 1941 466 1974 versantur
502 1936 540 1973 in
567 1949 612 1973 eo
649 1948 797 1987 genere,
828 1935 876 1972 ad
909 1933 1011 1984 quod
1039 1938 1096 1970 est
1124 1932 1337 1971 adhibenda
1364 1934 1463 1971 actio

181 1997 370 2048 quaedam,
391 2009 465 2033 non
492 1996 615 2033 solum
633 1996 767 2033 mentis
787 1994 952 2046 agitatio.
1008 1993 1079 2030 His
1109 1992 1205 2030 enim
1233 1993 1357 2037 rebus,
1378 2006 1464 2044 quae

181 2060 391 2094 tractantur
417 2056 454 2093 in
481 2056 568 2100 vita,
589 2055 746 2093 modum
774 2054 963 2105 quendam
982 2058 1021 2091 et
1039 2052 1208 2090 ordinem
1227 2052 1462 2097 adhibentes,

181 2117 417 2154 honestatem
436 2120 475 2152 et
493 2115 609 2153 decus
628 2114 941 2153 conservabimus.

235 2235 305 2273 VI.
326 2235 384 2271 Ex
397 2239 576 2285 quattuor
595 2238 722 2271 autem
735 2233 838 2278 locis,
858 2233 895 2270 in
909 2245 1003 2283 quos
1017 2230 1164 2269 honesti
1183 2235 1357 2269 naturam
1372 2231 1464 2269 vim-

182 2308 257 2345 que
285 2294 488 2336 divisimus,
509 2294 653 2345 primus
681 2294 753 2337 ille,
775 2293 839 2343 qui
863 2294 900 2330 in
926 2292 1027 2329 veri
1068 2291 1347 2341 cognitione
1377 2304 1462 2329 con-

143 2359 162 2392 2
184 2354 291 2398 sistit,
325 2354 486 2392 maxime
515 2359 688 2391 naturam
720 2353 874 2404 attingit
902 2353 1119 2390 humanam.
1192 2350 1332 2388 Omnes
1365 2351 1463 2389 enim

185 2414 369 2453 trahimur
387 2418 426 2452 et
444 2414 617 2453 ducimur
635 2414 684 2451 ad
704 2412 925 2465 cognitionis
944 2416 984 2450 et
1011 2410 1173 2448 scientiae
1206 2410 1464 2462 cupiditatem,
