1674 2754
604 189 718 213 LlBER
737 189 762 213 1.
831 189 918 214 CAP.
941 190 1043 214 xxix.
1456 182 1498 216 37

143 274 227 311 loco
244 274 354 324 plura
373 274 446 312 dici
465 267 614 312 solent)
655 274 732 312 Sed
759 279 842 312 tum
868 287 1017 312 servare
1044 275 1137 312 illud
1166 282 1309 325 poetas,
1330 277 1433 327 quod
1454 281 1475 314 2

143 332 287 378 deceat,
305 334 474 379 dicimus,
492 348 579 372 eum
597 334 647 378 id,
664 334 766 385 quod
782 347 931 385 quaque
952 347 1112 385 persona
1131 335 1287 385 dignum
1309 342 1378 381 est,
1395 341 1433 373 et

142 393 194 437 fit,
211 399 249 431 et
265 394 412 432 dicitur.
461 395 526 439 Ut,
545 396 575 432 si
595 395 741 432 AEacus
761 400 827 432 aut
847 395 972 432 Minos
992 395 1134 432 diceret
1158 396 1320 439 Oderint,
1342 397 1434 433 dcam

141 459 316 498 metuant,
337 459 403 491 aut
421 455 540 492 Natis
557 456 721 503 sepulcro
740 456 814 504 ipse
833 461 883 492 est
896 467 1034 503 parens
1046 468 1063 502 ;
1092 455 1311 492 indecorum
1330 456 1430 493 vide-

141 518 254 558 retur,
275 515 377 565 quod
397 527 461 552 eos
479 516 594 553 fuisse
620 516 744 566 justos
772 516 998 566 accepimus,
1055 515 1110 553 At
1130 516 1251 553 Atreo
1271 516 1430 561 dicente,

141 574 296 624 pla-usus
325 575 545 613 excitantur.
601 576 671 612 Est
701 576 799 613 enim
830 576 944 627 digna
974 589 1135 626 persona
1165 577 1293 614 oratio.
1350 576 1428 614 Sed
1449 581 1471 614 3

140 639 278 685 poetae,
299 634 390 685 quid
415 647 601 686 quemque
621 635 765 680 deceat,
786 649 832 673 ex
860 648 1020 686 persona
1046 636 1295 686 judicabunt:
1325 637 1431 674 nobis

141 698 267 732 autem
285 707 489 745 personam
507 695 685 746 imposuit
699 695 780 746 ipsa
795 701 929 732 natura
949 708 1089 746 magna
1104 709 1191 733 cum
1211 696 1432 733 excellentia

141 755 436 805 praestantiaque
457 755 703 792 animantium
722 756 963 806 reliquarum.
1021 756 1206 800 Quocirca
1234 761 1372 807 poetae,
1394 756 1432 793 in
1451 758 1475 793 4

139 827 279 865 magna
298 815 480 853 varietate
510 828 768 865 personarum,
800 816 913 853 etiam
933 816 1074 855 vitiosis
1103 817 1193 867 quid
1223 816 1430 861 conveniat,

140 879 179 912 et
198 875 288 925 quid
315 875 459 919 deceat,
481 876 688 913 videbunt:
718 876 825 913 nobis
856 882 984 913 autem
1016 889 1102 912 cum
1131 889 1153 912 a
1181 881 1316 913 natura
1345 889 1431 914 con-

140 935 298 979 stant-iae,
328 936 603 980 moderationis,
638 936 908 986 temperantiae,
937 936 1173 973 verecundiae
1206 941 1334 987 partes
1365 936 1430 973 da-

140 1000 193 1032 tae
212 995 284 1032 sint
300 1009 308 1040 ;
338 1009 499 1046 cumque
519 996 652 1033 eadem
673 1002 806 1033 natura
826 997 961 1033 doceat
980 1009 1054 1033 non
1072 996 1278 1047 negligere,
1301 1009 1429 1047 quem-

139 1054 346 1093 admodum
378 1069 445 1093 nos
478 1055 658 1092 adversus
688 1056 857 1093 homines
885 1068 1087 1106 geramus:
1119 1057 1287 1100 efficitur,
1321 1061 1365 1093 ut
1393 1061 1431 1094 et

139 1114 244 1158 illud,
266 1115 369 1165 quod
390 1115 438 1152 ad
459 1128 608 1153 omnem
636 1116 874 1152 honestatem
903 1116 1076 1166 pertinet,
1099 1116 1291 1160 decorum,
1313 1129 1429 1166 quam

137 1175 213 1212 late
231 1175 359 1212 fusum
379 1175 437 1219 sit,
459 1180 642 1225 appareat
659 1189 667 1219 ;
698 1180 736 1212 et
755 1176 838 1219 hoc,
861 1175 964 1225 quod
993 1180 1187 1225 spectatur
1205 1176 1243 1213 in
1261 1189 1429 1226 unoquo-

137 1247 210 1285 que
228 1247 368 1286 genere
379 1235 537 1273 virtutis.
582 1235 636 1272 Ut
649 1235 746 1272 enim
767 1235 1012 1286 pulchritudo
1032 1236 1198 1287 corporis
1218 1241 1309 1286 apta
1329 1249 1429 1274 com·
1450 1242 1470 1274 5

138 1295 319 1346 positione
350 1296 608 1333 membrorum
641 1300 769 1333 movet
797 1295 937 1339 oculos,
968 1300 1006 1332 et
1035 1296 1200 1333 delectat
1232 1297 1304 1334 hoc
1332 1296 1451 1347 ipso,-

137 1355 239 1405 quod
257 1355 354 1392 inter
372 1367 413 1393 se
433 1368 562 1392 omnes
582 1360 709 1406 partes
730 1369 816 1393 cum
836 1356 1003 1406 quodam
1022 1356 1151 1406 lepore
1168 1357 1427 1394 consentiunt:

137 1415 188 1452 sic
208 1415 280 1453 hoc
299 1415 489 1459 decorum,
512 1415 615 1466 quod
645 1415 770 1453 elucet
797 1416 834 1452 in
852 1416 940 1460 vita,
961 1421 1089 1453 movet
1115 1417 1429 1468 approbationem

137 1487 278 1519 eorum,
299 1476 525 1526 quibuscum
544 1475 692 1519 vivitur,
722 1475 852 1512 ordine
881 1481 920 1512 et
949 1477 1159 1514 constantia
1189 1482 1227 1514 et
1255 1477 1426 1514 modera-

136 1535 236 1572 tione
248 1535 435 1573 dictorum
448 1535 616 1572 omnium
629 1540 743 1587 atque
756 1536 972 1575 factorum]
998 1536 1232 1574 Adhibenda
1244 1543 1302 1574 est
1314 1537 1428 1588 igitur
1449 1542 1470 1575 6

136 1595 312 1645 quaedam
344 1595 552 1632 reverentia
579 1595 762 1632 adversus
790 1595 972 1639 homines,
1002 1600 1040 1633 ct
1069 1596 1200 1646 optimi
1230 1597 1425 1647 cujusque,

137 1659 175 1692 et
203 1655 440 1705 reliquorum.
497 1655 597 1692 Nam
628 1655 833 1706 negligere,
856 1655 947 1706 quid
975 1655 1022 1692 de
1043 1669 1083 1693 sc
1103 1657 1259 1707 quisque
1279 1658 1425 1701 sentiat,

136 1727 211 1752 non
229 1715 352 1752 solum
370 1715 580 1766 arrogantis
608 1720 677 1759 est,
700 1715 767 1752 sed
796 1716 908 1752 etiam
940 1716 1089 1753 omnino
1120 1703 1330 1754 dissolutis
1357 1718 1426 1755 Est
1448 1719 1468 1756 7

135 1779 264 1813 autem
295 1775 398 1826 quod
430 1775 589 1819 differat,
623 1775 661 1812 in
699 1775 894 1812 hominum
932 1777 1074 1813 ratione
1112 1777 1297 1821 habenda,
1332 1777 1427 1815 inter

131 1834 315 1885 justitiam
341 1839 379 1872 et
397 1834 673 1872 verecundiam.
730 1835 894 1873 Justitiae
923 1841 1051 1886 partes
1081 1841 1168 1875 sunt
1195 1850 1270 1875 non
1289 1838 1426 1875 violare
1447 1844 1469 1876 8

134 1895 313 1939 homines,
334 1894 571 1932 verecundiae
592 1908 666 1932 non
686 1895 888 1939 offendere,
909 1895 946 1933 in
965 1909 1041 1946 quo
1060 1897 1220 1934 maxime
1248 1895 1424 1949 perspici-

134 1959 197 1993 tur
214 1955 268 1993 vis
287 1955 423 1993 decori.
480 1955 550 1992 His
568 1955 682 2006 igitur
701 1955 879 2006 expositis
898 1957 1009 2006 quale
1029 1957 1077 1994 sit
1095 1957 1145 2001 id,
1167 1957 1270 2008 quod
1290 1958 1424 1996 decere

114 2014 301 2060 dicimus,
321 2015 554 2053 intellectum
574 2020 678 2066 puto.

187 2134 362 2174 Officium
391 2139 532 2180 autem,
560 2135 663 2186 quod
691 2136 739 2173 ab
768 2148 813 2174 eo
842 2135 1003 2181 ducitur,
1034 2137 1132 2175 hanc
1163 2137 1326 2188 primum
1357 2139 1423 2176 ha-
1444 2143 1466 2178 9

133 2195 199 2233 bet
218 2194 329 2241 viam,
350 2207 437 2246 quae
455 2195 609 2234 deducit
625 2195 675 2233 ad
704 2196 999 2234 convenientiam
1027 2198 1422 2249 conservationemque

133 2258 302 2292 naturae:
331 2267 444 2305 quam
471 2255 503 2293 si
529 2267 730 2306 sequemur
757 2256 907 2301 ducem,
932 2270 1123 2307 nunquam
1152 2259 1421 2301 aberrabimus,

132 2327 408 2365 sequemurque
427 2320 465 2352 et
482 2315 532 2359 id,
553 2315 655 2366 quod
675 2321 828 2353 acutum
849 2321 887 2353 et
906 2318 1102 2368 perspicax
1122 2323 1255 2354 natura
1274 2322 1332 2355 cst
1348 2331 1355 2361 ;
1385 2323 1423 2356 ct

132 2374 182 2419 id,
202 2373 304 2425 quod
324 2374 373 2412 ad
388 2375 580 2413 hominum
600 2376 912 2414 consociationem
931 2377 1258 2414 accommodatum
1277 2390 1283 2420 ;
1313 2382 1351 2414 et
1370 2377 1419 2421 id,

132 2433 235 2486 quod
254 2434 456 2473 vehemens
484 2439 598 2486 atque
623 2435 731 2474 forte.
787 2436 866 2474 Sed
893 2437 1057 2474 maxima
1075 2437 1130 2474 vis
1149 2437 1275 2474 decori
1294 2436 1331 2475 in
1350 2437 1422 2477 hac
1442 2442 1490 2478 10
