1674 2754
642 204 754 228 usna
772 204 828 229 111.
885 204 973 229 cAP.
995 205 1056 229 xv.
1437 195 1510 231 103

156 289 304 327 multa?
323 289 512 340 impetrat.
551 290 652 328 Emit
664 290 777 327 homo
790 289 950 340 cupidus
963 293 1001 326 et
1013 288 1182 340 locuples
1194 289 1299 334 tanti,
1313 289 1443 340 quanti

158 349 322 400 Pythius
340 349 469 394 voluit,
492 354 531 388 et
558 350 648 388 emit
674 350 888 387 instructos.
946 349 1110 387 Nomina
1127 349 1228 393 facit,
1248 350 1442 400 negotium

157 409 315 448 conficit.
370 408 509 447 Invitat
523 410 661 448 Canius
681 409 860 461 postridie
877 409 1076 447 familiares
1092 422 1190 446 suos.
1234 409 1348 446 Venit
1362 410 1443 460 ipse
1463 414 1486 448 8

156 473 313 507 mature.
370 469 565 507 Scalmum
584 470 730 508 nullum
745 470 858 508 videt.
903 469 1046 514 Quaerit
1063 482 1109 506 ex
1124 468 1294 520 proximo
1308 469 1441 514 vicino,

155 541 246 566 num
275 529 377 567 feriae
406 530 583 580 quaeclam
614 530 844 581 piscatorum
874 526 1011 573 essent,
1032 529 1136 580 quod.
1156 542 1220 566 eos
1248 529 1371 566 nullos
1390 529 1442 566 vi-

155 588 274 627 deret.
330 589 467 635 Nullae,
489 590 591 640 quod
611 581 820 635 seiam,³ille
849 589 981 640 inquit,
1001 589 1070 627 sed
1101 589 1161 626 hic
1189 588 1326 640 piscari
1351 588 1444 626 nulli

155 649 277 687 solent
292 662 299 686 :
319 649 446 700 itaque
460 650 541 687 heri
555 650 729 695 mirabar,
747 649 839 700 quid
853 649 1063 688 accidisset.
1121 648 1358 687 Stomachari
1371 649 1442 686 Ca-

155 709 249 746 nius.
305 709 385 747 Sed
397 710 487 760 quid
500 710 671 747 faceret?
719 709 902 747 Nondum
917 710 1015 747 enim
1030 709 1231 760 Aquillius,
1248 709 1392 760 collega
1405 712 1444 746 et
1464 713 1486 746 9

155 768 343 806 familiaris
372 782 490 814 meus,
512 770 722 820 protulerat
741 770 789 807 de
810 770 898 807 dolo
921 770 1020 807 malo
1048 769 1239 807 formulas.
1296 770 1342 806 In
1361 769 1440 819 qui-
1464 771 1513 806 10

156 829 226 866 bus
258 830 348 880 ipsis
381 843 467 867 cum
500 843 548 867 ex
575 843 619 867 co
640 835 891 881 quaereretur,
912 830 1003 880 quid
1036 834 1136 867 esset
1169 829 1278 867 dolus
1306 830 1441 873 malus,

155 889 420 940 respondebat,
435 903 522 927 cum
542 895 642 928 esset
661 890 764 927 aliud
783 890 1013 933 simulatum,
1028 889 1131 926 aliud
1160 894 1299 926 actum.
1357 889 1441 926 Hoc

155 950 308 1000 quidem
327 962 415 987 sane
434 950 634 994 luculente,
646 954 689 987 ut
708 951 756 987 ab
776 950 925 987 homine
945 950 1066 1000 perito
1082 949 1292 986 definiendi.
1337 949 1441 1000 Ergo
1464 953 1509 987 11

155 1014 194 1047 et
211 1010 373 1060 Pythius
406 1014 444 1047 et
474 1022 604 1047 omnes
634 1010 737 1047 aliud
768 1014 935 1061 agentes,
957 1009 1060 1047 aliud
1091 1009 1321 1052 simulantes,
1354 1021 1439 1059 per-

154 1069 233 1114 fidi,
250 1070 422 1120 improbi,
443 1070 626 1108 malitiosi.
684 1070 843 1106 Nullum
861 1070 976 1121 igitur
996 1082 1126 1107 eorum
1145 1069 1292 1106 factum
1310 1073 1440 1120 potest

155 1129 246 1167 utile
266 1141 361 1174 esse,
383 1143 470 1167 cum
490 1130 537 1167 sit
556 1134 614 1167 tot
633 1129 731 1166 vitiis
750 1129 997 1179 inquinatum.

206 1249 292 1288 XV.
314 1248 458 1294 Quodsi
469 1248 686 1299 Aquilliana
698 1248 864 1286 definitio
879 1262 967 1287 vera
984 1253 1052 1293 est,
1064 1261 1112 1286 ex
1126 1248 1227 1286 omni
1240 1248 1317 1286 vita
1329 1247 1442 1286 simu-

154 1309 244 1348 latio
263 1309 587 1359 dissimulatioque
606 1309 773 1346 tollenda
793 1313 862 1347 est.
918 1310 979 1346 Ita
1007 1321 1075 1346 nec
1104 1313 1147 1346 ut
1177 1312 1278 1346 emat
1297 1309 1442 1353 melius,

157 1382 228 1408 nec
247 1374 291 1408 ut
309 1369 460 1413 vendat,
475 1369 676 1419 quicquam
692 1369 882 1407 simulabit
897 1373 964 1406 aut
978 1368 1228 1406 dissimulabit
1239 1369 1295 1407 vir
1306 1369 1440 1407 bonus.

154 1431 285 1481 Atque
303 1431 373 1468 iste
393 1430 503 1467 dolus
521 1430 642 1467 malus
663 1434 701 1466 et
719 1429 866 1481 legibus
895 1434 976 1466 erat
995 1429 1217 1473 vindicatus,
1244 1428 1306 1479 (ut
1324 1429 1443 1466 tutela
1464 1432 1485 1465 2

155 1491 354 1529 duodecim
366 1489 515 1533 tabulis,
527 1489 821 1540 circumscriptio
836 1489 1132 1526 adolescentium
1141 1489 1226 1539 lege
1235 1487 1441 1539 Plaetoria,)

154 1555 194 1588 et
204 1551 282 1588 sinc
294 1550 378 1601 lege
388 1549 549 1600 judiciiS‚
562 1549 600 1586 in
612 1549 747 1599 quibus
758 1549 911 1586 additur
943 1562 966 1585 E
976 1562 1000 1585 x
1030 1562 1053 1585 F
1062 1562 1075 1585 1
1085 1561 1108 1585 D
1120 1561 1142 1584 E
1176 1561 1199 1585 B
1210 1561 1232 1585 o
1242 1562 1267 1585 N
1276 1560 1320 1586 A.
1368 1549 1443 1586 Re·
1463 1553 1486 1585 3

154 1611 342 1661 liquorum
360 1613 487 1646 autem
504 1609 733 1659 judiciorum
751 1609 832 1646 haec
848 1609 964 1646 verba
984 1609 1144 1646 maxime
1164 1608 1375 1646 excellunt:
1405 1608 1443 1645 in

155 1670 307 1708 arbitrio
325 1669 378 1707 rei
396 1669 546 1713 uxoriae,
576 1682 604 1706 M
617 1682 640 1706 E
654 1682 674 1705 L
687 1682 700 1706 1
710 1682 760 1706 us
796 1683 831 1706 AE
843 1682 866 1711 Q
876 1682 899 1706 U
911 1682 924 1706 1
936 1682 960 1707 u
973 1682 990 1706 s
1008 1682 1015 1706 :
1045 1669 1083 1706 in
1102 1669 1250 1713 fiducia,
1285 1682 1309 1706 U
1319 1682 1340 1706 'r
1376 1682 1390 1706 1
1400 1682 1442 1705 N-

155 1743 246 1768 TER.
283 1742 445 1768 Bonos
482 1742 611 1766 BENE
645 1741 810 1766 AGIER.
868 1729 966 1774 Quid
982 1729 1101 1780 ergo?
1127 1729 1249 1766 autin
1267 1741 1323 1773 eo,
1339 1729 1442 1779 quod
1463 1732 1486 1766 4

155 1803 216 1828 un
227 1803 304 1828 mu
315 1803 333 1827 s
371 1803 494 1832 AEoui
504 1802 530 1827 U
540 1802 576 1833 s,
608 1793 735 1840 potest
749 1790 826 1827 ulla
841 1802 928 1840 pars
941 1789 1062 1827 inesse
1077 1789 1244 1826 fraudis?
1264 1793 1341 1833 aut,
1356 1802 1444 1827 cum

157 1850 292 1889 dicitur
317 1863 465 1888 INTER
497 1862 649 1888 Bonos
682 1863 805 1887 BENE
836 1862 1003 1894 AGIER,
1025 1849 1225 1901 quicquam
1237 1849 1301 1901 agi
1314 1849 1443 1887 dolose

155 1915 222 1949 aut
239 1910 422 1948 malitiose
442 1911 598 1961 potest?
654 1910 777 1948 Dolus
796 1915 925 1948 autem
944 1910 1066 1947 malus
1081 1910 1119 1947 in
1135 1909 1384 1954 simulatione,
1398 1913 1442 1946 ut
1462 1915 1485 1948 5

154 1971 207 2009 ait
220 1971 421 2022 Aquillius,
439 1970 660 2009 continetur.
716 1970 940 2008 Tollendum
960 1974 1019 2007 est
1038 1970 1152 2021 igitur
1166 1983 1213 2007 ex
1226 1969 1339 2007 rebus
1355 1983 1442 2008 con-

155 2031 346 2070 trahendis
361 2043 472 2069 omne
485 2030 736 2068 mendacium.
793 2031 882 2069 Non
896 2031 1156 2068 inlicitatorem
1170 2030 1352 2075 venditor,
1368 2043 1443 2068 non
1463 2034 1485 2068 6

156 2091 222 2142 qui
248 2095 379 2129 contra
405 2091 614 2134 reliceatur,
635 2095 785 2142 emptor
813 2095 990 2142 apponet.
1047 2090 1228 2141 Uterque,
1250 2091 1280 2128 si
1298 2091 1348 2128 ad
1368 2090 1443 2128 elo-

157 2151 351 2202 quendum
369 2151 523 2195 venerit,
544 2164 620 2188 non
640 2151 738 2202 plus,
756 2163 868 2202 quam
888 2151 1015 2195 semel,
1032 2151 1238 2201 eloquetur.
1296 2151 1340 2196 Q.
1362 2150 1440 2201 qui-
1464 2150 1485 2188 7

157 2211 245 2249 dem
266 2211 448 2255 Scaevola,
467 2212 512 2249 P.
533 2211 589 2256 F„
612 2224 698 2249 cum
727 2211 970 2262 postulasset,
991 2215 1034 2248 ut
1063 2211 1132 2249 sibi
1159 2210 1311 2254 fundus
1334 2211 1443 2261 cujus

157 2276 305 2322 emptor
332 2275 424 2315 erat,
454 2271 570 2309 semel
599 2271 838 2315 indicaretur,
859 2271 974 2322 idque
1002 2271 1175 2309 venditor
1201 2271 1253 2308 ita
1279 2270 1442 2314 fecisset,

157 2331 262 2375 dixit,
284 2343 324 2368 se
344 2330 461 2381 pluris
480 2331 686 2369 aestimare:
716 2331 862 2370 addidit
882 2336 1034 2369 centum
1062 2331 1172 2368 milia.
1229 2329 1352 2367 Nemo
1371 2333 1440 2373 est,
1472 2333 1494 2367 8

157 2391 223 2443 qui
251 2391 323 2429 hoc
343 2390 410 2429 viri
437 2390 526 2429 boni
554 2391 668 2430 fuisse
695 2396 833 2443 neget;
862 2391 1052 2442 sapientis,
1072 2394 1233 2442 negant:
1263 2393 1307 2426 ut
1326 2388 1356 2426 si
1374 2388 1442 2426 mi-

156 2451 270 2498 noris,
290 2463 404 2503 quam
432 2450 629 2502 potuisset,
650 2451 894 2490 vendidisset.
949 2451 1044 2489 Haec
1064 2450 1180 2502 igitur
1198 2453 1257 2487 est
1274 2448 1338 2487 illa
1356 2461 1441 2501 per·
1461 2451 1485 2488 9
