1674 2754
100 184 150 218 88
650 189 700 212 DE
721 187 890 213 orncns

171 278 209 315 in
228 277 364 327 quibus
391 275 596 313 deliberare
625 274 793 311 homines
823 278 862 310 et
894 271 1104 309 consultare
1134 270 1182 307 de
1210 269 1329 307 officio
1357 268 1450 306 sole·

170 342 275 381 rent;
303 349 390 380 uno,
405 348 491 373 cum
511 334 737 377 dubitarent,
754 333 1003 370 honestumne
1021 330 1060 368 id
1082 334 1192 374 esset,
1207 329 1254 367 de
1269 342 1344 379 quo
1363 341 1451 380 age-

169 401 283 441 retur,
299 409 346 433 an
364 401 497 446 turpe:
527 394 654 437 altero,
676 393 815 430 utilene
836 397 945 435 esset,
962 403 1010 427 an
1028 390 1178 427 inutile:
1208 389 1330 432 tertio,
1351 389 1382 426 si
1400 388 1450 432 id,

172 456 274 507 quod
294 456 459 507 speciem
486 455 643 492 haberet
671 452 828 495 honesti,
850 455 1037 502 pugnaret
1057 463 1143 487 cum
1163 462 1218 492 eo,
1240 449 1342 499 quod
1361 448 1454 485 utile

171 517 372 560 videretur,
395 528 469 565 quo
488 514 602 551 modo
620 526 665 550 ea
683 512 843 550 discerni
861 515 1051 561 oporteret
1067 522 1075 546 :
1106 509 1152 546 de
1174 509 1322 546 duobus
1341 521 1454 559 gene-

170 577 273 614 ribus
293 576 421 626 primis
442 575 562 612 tribus
592 573 693 610 libris
722 572 941 623 explicavit:
972 571 1019 607 de
1039 569 1150 607 tertio
1169 573 1297 606 autem
1318 580 1454 619 genere

172 636 349 686 deinceps
369 648 409 672 se
429 634 577 684 scripsit
597 633 796 676 dicturum,
818 644 886 669 nec
907 631 1075 673 exsolvit,
1097 628 1199 679 quod
1220 628 1451 679 promiserat.

128 701 150 735 9
173 696 284 741 Quod
300 708 343 732 co
358 695 479 745 magis
491 694 616 737 miror,
628 693 714 743 quia
727 692 909 742 scriptum
921 704 943 728 a
959 690 1143 740 discipulo
1156 689 1188 740 ej
1195 702 1238 725 us
1250 688 1453 725 Posidonio

172 760 241 799 est,
262 755 416 805 triginta
444 753 549 790 annis
568 753 702 790 vixisse
722 752 942 795 Panaetium,
964 756 1211 801 posteaquam
1238 749 1321 785 illos
1341 748 1456 785 libros

105 819 153 853 10
173 815 362 852 edidisset.
420 814 541 857 Quem
568 813 693 849 locum
721 812 834 848 miror
854 824 876 848 a
895 810 1095 848 Posidonio
1117 809 1280 847 breviter
1300 821 1380 845 csse
1400 812 1456 844 ta-

172 880 275 912 ctum
293 874 329 910 in
344 872 569 923 quibusdam
588 871 872 914 commentariis,
889 870 1096 920 praesertim
1111 883 1196 906 cum
1212 869 1360 911 scribat,
1375 867 1457 904 nul-

107 939 124 972 1
135 939 153 971 1
175 935 255 971 lum
275 946 356 971 esse
373 932 496 969 locum
511 932 548 968 in
563 936 643 968 tota
656 931 895 981 philosophia
910 935 987 966 tam
1002 929 1264 966 necessarium.
1307 927 1458 964 Minime

173 1006 261 1030 vero
282 992 463 1029 assentior
483 991 536 1035 iis,
557 990 620 1041 qui
639 996 790 1040 negant,
813 1002 900 1027 eum
928 989 1054 1026 locum
1074 1001 1096 1024 a
1114 987 1284 1025 Panaetio
1305 991 1457 1037 praeter—

173 1053 339 1096 missum,
354 1052 420 1089 sed
437 1051 606 1089 consulto
619 1050 801 1093 relictum,
818 1062 886 1087 nec
902 1049 1050 1086 omnino
1066 1047 1305 1085 scribendum
1320 1047 1434 1083 fuisse
1449 1058 1456 1083 :

106 1118 152 1151 12
174 1113 260 1163 quia
287 1124 478 1162 nunquam
505 1116 634 1162 posset
662 1110 802 1146 utilitas
823 1123 910 1147 cum
938 1109 1135 1146 honestate
1163 1119 1343 1158 pugnare.
1400 1107 1459 1143 De

174 1185 249 1223 quo
269 1172 429 1209 alterum
451 1175 577 1222 potest
596 1170 736 1207 habere
756 1169 1039 1212 dubitationem,
1056 1167 1360 1205 adhibendumne
1379 1167 1458 1203 fue-

173 1233 222 1270 rit
254 1232 325 1268 hoc
357 1244 501 1282 genus,¹
524 1229 626 1280 quod
660 1229 696 1266 in
730 1229 908 1266 divisione
940 1228 1096 1265 Panaetii
1127 1226 1279 1264 tertium
1311 1232 1379 1269 est,
1412 1239 1459 1263 an

178 1292 288 1343 plane
309 1290 581 1328 omittendum:
613 1290 772 1326 alterum
792 1289 955 1326 dubitari
974 1301 1048 1325 non
1077 1292 1216 1338 potest,
1238 1286 1326 1337 quin
1345 1299 1368 1322 a
1386 1286 1458 1323 Pa-

109 1357 154 1390 13
176 1352 288 1389 naetio
309 1355 528 1401 susceptum
549 1350 606 1392 sit,
629 1349 695 1386 sed
715 1349 897 1386 relictum.
955 1349 1055 1385 Nam
1075 1347 1139 1398 qui
1158 1360 1178 1384 e
1198 1346 1376 1384 divisione
1395 1346 1459 1383 tri·

179 1412 316 1462 pertita
337 1411 431 1447 duas
452 1414 579 1460 partes
599 1408 810 1452 absolverit,
831 1409 918 1445 huic
948 1420 1100 1445 necesse
1131 1412 1189 1444 est
1218 1411 1360 1444 restare
1387 1411 1459 1444 ter-

178 1472 278 1508 tiam.
308 1471 499 1507 Praeterea
514 1469 550 1506 in
566 1474 733 1506 extremo
752 1469 847 1505 libro
859 1468 969 1505 tertio
985 1468 1032 1504 de
1050 1468 1122 1504 hac
1138 1471 1244 1517 parte
1265 1467 1461 1517 pollicetur

114 1535 157 1568 14
178 1544 217 1567 58
244 1530 420 1580 deinceps
451 1541 532 1566 esse
553 1528 754 1565 dicturum.
803 1527 966 1565 Accedit
986 1527 1120 1564 eodem
1148 1527 1254 1563 testis
1280 1526 1459 1576 locuples,

176 1590 410 1633 Posidonius,
431 1588 496 1639 qui
515 1589 628 1625 etiam
648 1588 777 1625 scribit
795 1587 831 1624 in
851 1587 1016 1637 quadam
1036 1586 1205 1637 epistola,
1218 1586 1262 1623 P.
1279 1585 1462 1623 Rutilium

178 1650 322 1687 Rufum
342 1649 466 1686 dicere
486 1648 617 1691 solere,
639 1648 702 1698 qui
722 1648 931 1684 Panaetium
951 1647 1131 1690 audierat,
1152 1651 1195 1683 ut
1213 1659 1324 1683 nemo
1343 1645 1462 1696 pictor

178 1715 278 1748 esset
297 1710 482 1752 inventus,
502 1708 567 1758 qui
589 1708 677 1745 Coae
698 1708 855 1745 Veneris
883 1720 965 1744 eam
994 1711 1152 1757 partem,
1174 1719 1285 1755 quam
1305 1706 1462 1756 Apelles

177 1770 390 1807 inchoatam
418 1768 637 1817 reliquisset,
660 1768 871 1804 absolveret
892 1765 981 1817 (oris
1001 1766 1097 1803 enim
1118 1765 1360 1816 pulchritudo
1379 1765 1461 1802 reli-

179 1829 242 1880 qui
262 1828 429 1878 corporis
459 1827 630 1864 imitandi
649 1839 756 1877 spem
776 1824 987 1876 auferebat)
1010 1825 1061 1862 sic
1081 1838 1136 1869 ea,
1158 1837 1241 1875 quoe
1272 1825 1463 1862 Panaetius

180 1888 476 1939 praetermisisset
495 1892 533 1924 et
552 1900 625 1924 non
645 1887 874 1937 perfecisset,
895 1890 1052 1936 propter
1072 1898 1213 1923 eorum.
1233 1897 1319 1934 quae
1339 1885 1457 1935 perfe-

183 1949 305 1992 cisset,
328 1947 585 1998 praestantiam
604 1947 790 1984 neminem
810 1958 891 1983 esse
911 1950 1162 1996 persecutum.

234 2068 307 2105 III.
339 2067 462 2111 Quam
478 2067 527 2104 ob
547 2079 627 2103 rem
647 2065 695 2103 de
712 2065 853 2116 judicio
867 2064 1025 2102 Panaetii
1039 2064 1201 2101 dubitari
1220 2077 1294 2101 non
1314 2069 1460 2115 potest:

179 2132 328 2165 rectene
347 2131 475 2163 autem
493 2127 590 2162 hanc
610 2125 757 2162 tertiam
779 2129 925 2175 partem
945 2124 993 2161 ad
1009 2123 1281 2174 exquirendum
1301 2124 1463 2161 officium

142 2192 161 2225 2
184 2186 410 2237 adjunxerit,
431 2198 478 2222 an
498 2198 617 2229 secus,
639 2185 687 2221 de
715 2197 759 2222 eo
788 2185 946 2221 fortasse
966 2183 1150 2234 disputari
1170 2188 1305 2233 potest.
1362 2184 1462 2221 Nam

182 2248 258 2284 sive
278 2247 479 2282 honestum
499 2245 622 2282 solum
642 2245 783 2282 bonum
804 2249 873 2287 est,
889 2249 932 2280 ut
948 2243 1082 2280 Stoicis
1102 2243 1228 2293 placet
1240 2257 1249 2288 ;
1270 2243 1346 2281 sive
1361 2243 1459 2293 quod

182 2308 382 2343 honestum
409 2309 478 2348 est,
500 2304 537 2341 id
568 2304 620 2341 ita
651 2317 840 2341 summum
873 2304 1013 2340 bonum
1045 2308 1113 2346 est,
1144 2303 1461 2353 quemadmodum

183 2365 442 2416 Peripateticis
458 2364 591 2401 vestris
603 2364 762 2407 videtur,
777 2369 820 2400 ut
832 2363 956 2400 omnia
970 2376 1016 2399 ex
1029 2363 1147 2400 altera
1159 2368 1266 2414 parte
1282 2363 1462 2400 collocata

183 2426 243 2464 vix
269 2425 408 2463 minimi
437 2424 617 2463 momenti
646 2424 764 2461 instar
792 2423 980 2461 habeant:
1010 2423 1262 2460 dubitandum
1289 2435 1364 2460 non
1391 2426 1460 2466 est,
