1674 2754
581 208 695 232 menn
714 208 772 232 111.
830 207 918 232 OAP.
942 209 1047 232 xx1v.
1423 201 1494 234 113

134 295 254 333 crabit
281 300 439 345 patrem,
461 307 507 332 ne
526 294 564 332 id
591 294 728 338 faciat余
757 294 788 331 si
807 293 898 331 nihil
927 294 1110 344 proficiet,
1131 296 1334 339 accusabit,
1357 296 1423 333 mi-

134 355 283 393 nabitur
315 354 448 398 etiam余
487 355 536 392 ad
569 359 791 398 extremum,
822 354 853 391 si
885 354 934 391 ad
967 354 1170 404 perniciem
1204 356 1336 405 patriae
1366 369 1425 393 res

133 415 332 467 spectabit,
362 416 494 466 patriae
522 416 684 452 salutem
713 419 917 465 anteponet
945 414 1057 451 saluti
1085 415 1214 465 patris.
1281 416 1424 460 Quaerit
1446 422 1468 454 9

133 475 256 520 etiam,
276 476 306 513 si
336 476 485 527 sapiens
516 476 748 513 adulterinos
779 488 955 512 nummos
984 475 1173 526 acceperit
1202 475 1422 526 imprudens

133 549 202 586 pro
230 536 348 580 bonis,
378 550 464 574 cum
492 536 530 574 id
559 536 735 580 rescierit,
763 536 1003 573 soluturusne
1032 535 1080 572 sit
1108 548 1183 579 eos,
1213 536 1244 573 si
1272 536 1331 573 eui
1361 536 1424 573 de-

133 596 231 640 beat,
253 609 323 647 pro
342 597 459 635 bonis.
517 597 707 648 Diogenes
726 595 801 634 ait:
832 596 1037 647 Antipater
1064 603 1190 647 negat,
1213 596 1272 633 cui
1300 597 1425 647 potius

132 657 323 695 assentior.
367 657 445 700 Qui
460 657 587 694 vinum
605 657 754 708 fugiens
768 657 909 694 vendat
929 656 1060 700 sciens,
1078 656 1266 694 debeatne
1287 657 1422 694 dicere.
1448 661 1496 695 10

132 716 219 754 Non
238 729 390 755 neeesse
415 722 527 769 putat
547 717 761 769 Diogenes:
793 717 1000 768 Antipater
1018 717 1087 754 viri
1111 717 1200 755 boni
1226 717 1424 756 existimat.

133 776 229 814 Haec
257 782 344 815 sunt
364 778 471 828 quasi
499 783 739 816 controversa
763 778 851 829 jura
880 778 1107 816 Stoicorum.
1166 779 1212 815 In
1237 778 1425 829 mancipio
1448 782 1493 815 11

131 837 330 876 vendendo
357 838 565 876 dicendane
589 838 700 876 vitia:
730 852 805 876 non
833 851 888 883 ea,
910 852 997 889 quae
1028 838 1097 875 nisi
1117 838 1268 882 dixeris,
1298 838 1424 876 redhi-

131 897 267 936 beatur
281 899 512 950 mancipium
528 899 613 950 jure
630 899 748 944 civili余
778 899 847 936 sed
862 900 956 943 haec,
973 898 1196 936 mendacem
1216 912 1309 943 esse,
1327 899 1424 936 alea-

131 962 264 1002 torem,
294 958 474 1004 furacem,
504 959 704 997 ebriosum.
760 959 884 996 Alteri
913 959 1073 997 dicenda
1101 959 1288 1004 videntur,
1319 960 1426 997 alteri

131 1031 206 1055 non
224 1017 411 1056 videntur.
470 1019 510 1057 Si
529 1020 612 1070 quis
632 1032 767 1057 aurum
786 1019 963 1063 vendens,
985 1020 1217 1057 orichalcum
1247 1033 1287 1058 se
1316 1024 1426 1071 putet
1449 1025 1495 1058 12

132 1078 305 1124 vendere,
325 1079 513 1117 indicetne
542 1080 574 1117 ei
602 1080 658 1117 vir
686 1080 818 1124 bonus
840 1092 974 1117 aurum
1003 1080 1096 1118 illud
1125 1093 1218 1124 esse,
1249 1093 1296 1118 an
1324 1085 1427 1118 emat

132 1137 295 1182 denario,
317 1139 421 1189 quod
450 1140 497 1177 sit
524 1141 625 1178 mille
645 1140 871 1177 denarium?
927 1140 1178 1191 Perspicuum
1198 1145 1257 1178 est
1273 1141 1366 1192 jam,
1388 1146 1427 1179 et

131 1198 222 1249 quid
249 1199 341 1236 mihi
368 1199 553 1244 videatur,
576 1205 614 1238 et
643 1213 730 1251 quae
761 1200 808 1237 sit
834 1200 931 1237 inter
957 1213 1021 1238 eos
1049 1201 1310 1252 philosophos,
1331 1214 1427 1252 quos

131 1258 331 1304 nominavi,
352 1260 618 1298 controversia.

183 1379 328 1418 XXIV.
357 1380 477 1418 Pacta
503 1385 543 1419 et
570 1381 756 1432 promissa
786 1394 983 1433 semperne
1017 1382 1203 1420 servanda
1231 1382 1316 1427 sint,
1337 1396 1425 1434 quae

131 1452 200 1477 nee
219 1439 255 1478 vi
273 1452 343 1478 nec
363 1440 451 1478 dolo
470 1441 571 1479 malo
593 1440 652 1493 (ut
672 1446 857 1492 praetores
877 1441 1018 1494 solent)
1034 1442 1135 1480 facta
1151 1443 1235 1481 sint.
1285 1443 1325 1480 Si
1344 1443 1428 1494 quis
1449 1448 1470 1481 2

131 1499 451 1538 medicamentum
471 1501 633 1552 cuipiam
654 1501 804 1539 dederit
832 1502 881 1539 ad
901 1515 1040 1553 aquam
1060 1503 1298 1547 intercutem,
1320 1503 1426 1554 pepi-

132 1559 316 1611 geritque,
337 1560 368 1597 si
387 1573 432 1598 eo
451 1561 728 1599 medicamento
748 1575 862 1599 sanus
882 1562 1008 1600 faetus
1027 1567 1139 1607 esset,
1157 1575 1204 1600 ne
1224 1563 1288 1600 illo
1308 1563 1426 1601 medi-

134 1624 307 1658 camento
325 1633 494 1672 unquam
515 1626 648 1672 postea
674 1626 867 1666 uteretur余
897 1622 928 1660 si
947 1635 991 1660 eo
1018 1623 1295 1660 medicamento
1315 1635 1428 1661 sanus

133 1681 258 1718 faetus
276 1680 336 1725 sit,
357 1686 395 1719 et
414 1682 520 1719 annis
539 1683 683 1733 aliquot
702 1687 789 1733 post
807 1682 978 1720 inciderit
996 1683 1034 1720 in
1054 1683 1217 1721 eundem
1236 1684 1427 1729 morbum,

133 1754 202 1779 nec
221 1742 269 1780 ab
300 1753 356 1786 eo,
378 1742 531 1793 quicum
560 1743 771 1794 pepigerat,
792 1743 982 1794 impetret,
1003 1748 1047 1780 ut
1074 1743 1212 1781 iterum
1243 1756 1288 1781 eo
1318 1744 1428 1782 liceat

133 1802 209 1840 uti:
239 1803 330 1854 quid
348 1802 564 1840 faciendum
583 1803 641 1840 sit.
683 1803 781 1840 Cum
797 1803 844 1840 sit
859 1803 889 1840 is
904 1804 1143 1848 inhumanus,
1164 1804 1227 1855 qui
1246 1817 1321 1842 non
1341 1817 1427 1842 con-

133 1862 256 1908 cedat,
276 1876 346 1902 nec
364 1863 399 1901 ei
417 1863 620 1914 quicquam
644 1863 710 1900 fiat
738 1863 893 1915 injuriae,
915 1864 1004 1902 vitae
1023 1868 1062 1902 et
1090 1864 1203 1902 saluti
1231 1865 1427 1903 consulen-

133 1922 238 1962 dum.
281 1923 409 1969 Quid?
428 1923 459 1962 si
474 1923 538 1975 qui
550 1923 698 1975 sapiens
711 1929 867 1976 rogatus
881 1924 928 1962 sit
940 1925 988 1962 ab
1001 1937 1058 1969 eo,
1072 1925 1136 1976 qui
1148 1938 1235 1962 eum
1248 1925 1428 1964 heredem
1449 1931 1471 1964 3

133 1983 258 2028 faciat,
279 1997 368 2022 eum
396 1984 433 2022 ei
460 1988 690 2022 testamento
718 1985 934 2022 sestertium
960 1985 1092 2023 millies
1120 1985 1365 2037 relinquatur,
1385 1990 1430 2024 ut

134 2048 233 2089 ante,
254 2057 369 2096 quam
387 2044 637 2082 hereditatem
657 2044 782 2090 adeat,
803 2045 887 2083 luce
908 2045 1034 2096 palam
1053 2046 1090 2083 in
1118 2046 1201 2084 foro
1229 2047 1352 2091 saltet,
1373 2046 1428 2084 id-

135 2116 209 2154 que
228 2116 269 2142 se
287 2105 479 2143 facturum
498 2105 722 2157 promiserit,
745 2105 848 2157 quod
868 2106 978 2143 aliter
996 2106 1176 2144 heredem
1195 2119 1283 2144 eum
1311 2108 1428 2158 scrip-

135 2168 244 2202 turus
262 2164 325 2203 ille
343 2177 418 2203 non
445 2170 569 2203 esset:
599 2166 724 2210 faciat,
755 2166 857 2217 quod
887 2167 1109 2218 promiserit,
1130 2168 1280 2206 necne?
1335 2168 1428 2206 Pro-
1449 2171 1470 2205 4

135 2224 279 2262 misisse
311 2225 462 2270 nollem,
494 2230 533 2263 et
563 2226 601 2264 id
632 2227 796 2265 arbitror
825 2227 940 2264 fuisse
973 2228 1181 2279 gravitatis.
1241 2228 1428 2272 Quoniam

136 2285 318 2336 promisit,
339 2284 370 2322 si
388 2286 526 2324 saltare
545 2286 583 2324 in
600 2287 684 2325 foro
706 2291 819 2339 turpe
849 2287 974 2331 ducet,
997 2288 1193 2326 honestius
1214 2288 1427 2332 mentietur,

136 2344 167 2382 si
185 2356 232 2382 ex
250 2344 460 2382 hereditate
478 2346 570 2393 nihil
589 2347 744 2398 ceperit,
762 2361 877 2398 quam
896 2348 927 2385 si
947 2348 1109 2398 ceperit:
1139 2348 1208 2384 nisi
1228 2348 1325 2384 forte
1345 2359 1429 2384 eam

136 2404 336 2455 pecuniam
354 2404 392 2442 in
411 2405 464 2443 rei
482 2406 645 2457 publicae
664 2419 847 2458 magnum
866 2407 1018 2458 aliquod
1038 2412 1191 2458 tempus
1217 2407 1428 2452 contulerit,

135 2468 181 2503 ut
211 2464 273 2503 vel
305 2464 455 2510 saltare,
484 2478 572 2504 cum
600 2466 734 2518 patriae
767 2468 1008 2505 consulturus
1037 2467 1095 2511 sit,
1125 2472 1238 2518 turpe
1265 2479 1341 2504 non
1368 2467 1427 2506 sit.
