1674 2754
123 178 172 212 38
675 185 724 209 DE
753 185 923 210 ormcns

189 276 286 310 Inest
306 279 423 322 parte,
441 272 489 308 de
503 284 578 322 qua
592 271 840 322 disputamus.
883 270 1018 320 Neque
1037 270 1135 307 enim
1154 270 1275 308 solum
1295 270 1469 320 eorporis.

188 331 253 382 qui
270 332 320 368 ad
337 335 510 368 naturam
529 331 608 381 apti
627 336 726 374 sunt,
747 330 815 368 sed
844 330 963 366 multo
992 330 1106 367 etiam
1123 330 1244 381 magis
1263 330 1377 367 animi
1393 342 1473 367 mo-

121 395 166 429 11
186 391 464 442 tus‘probandj‚
486 391 550 441 qui
568 391 658 428 item
679 390 728 427 ad
746 395 920 426 naturam
946 389 1222 430 accommodati
1240 394 1357 426 sunt.‘
1393 390 1472 426 Du-

187 451 276 502 plex
295 456 353 488 est
371 450 469 487 enim
488 451 544 488 vis
571 450 780 487 animorum
809 454 922 499 atque
949 454 1106 486 natura:
1135 461 1211 486 una
1239 461 1326 499 pars
1352 449 1389 486 in
1407 461 1472 499 ap-

186 511 308 561 petitu
335 511 457 561 posita
485 515 553 554 est,
577 523 662 560 quae
693 515 751 547 est
779 508 866 560 ὃξμὴ
890 509 1046 553 Graece,
1067 521 1152 559 quae
1182 509 1370 546 hominem
1397 509 1472 546 huc

187 575 225 608 et
242 570 330 608 illuc
357 570 476 621 rapit:
506 570 624 607 altera
641 570 679 606 in
696 569 850 613 ratione,
871 581 957 618 quae
985 568 1097 605 docet
1115 573 1154 605 et
1173 568 1361 618 explanat,
1382 568 1471 618 quid

185 630 399 667 faciendum
426 630 694 681 fugiendumve
721 629 778 666 sit.
835 629 896 666 Ita
922 629 974 672 fit,
994 633 1037 665 ut
1056 628 1149 665 ratio
1168 628 1307 678 praesit,
1327 628 1471 678 appeti-

185 695 247 727 tus
279 685 526 740 obtemperet.
581 689 723 726 XXIX.
755 688 886 725 Omnis
919 693 1047 725 autem
1074 688 1171 725 actio
1197 700 1330 725 vacare
1358 687 1470 725 debet

185 750 394 787 temeritate
423 754 461 786 et
487 749 743 799 negligentia:
773 761 843 785 nec
871 760 1100 798 veroagere
1135 747 1343 798 quidquam,
1365 747 1472 798 cujus

143 812 165 845 2
185 821 260 845 non
279 808 400 858 possis
420 821 573 845 causam
602 808 835 858 probabilem
861 807 1029 844 reddere.
1086 807 1182 844 Haee
1203 812 1260 844 est
1279 807 1376 844 enim
1394 807 1471 844 fere

185 868 386 918 descriptio
404 867 522 904 officii.
570 867 816 904 Efficiendum
835 872 963 904 autem
983 871 1052 910 est,
1067 872 1110 903 ut
1129 867 1321 916 appetitus
1341 866 1471 903 rationi

185 927 372 971 obediant,
393 939 551 977 eamque
578 939 699 976 neque
728 932 972 976 praecurrant,
999 939 1067 963 nec
1097 932 1252 976 propter
1285 926 1472 976 pigritiam

185 992 251 1024 aut
268 987 455 1038 ignaviam
483 986 681 1023 deserant:
712 986 858 1036 sintque
886 985 1086 1036 tranquilli,
1108 989 1220 1035 atque
1240 985 1336 1022 omni
1361 985 1471 1023 animi

142 1052 164 1084 3
185 1046 464 1098 perturbatione
499 1050 659 1083 careant.
716 1045 774 1082 Ex
806 1058 881 1095 quo
914 1045 1076 1083 elucebit
1109 1045 1228 1082 omnis
1265 1045 1471 1083 constantia

185 1107 377 1156 omnisque
396 1105 614 1143 moderatio.
670 1105 707 1142 N
710 1118 770 1142 am
789 1105 851 1155 qui
872 1105 1063 1155 appetitus
1082 1105 1230 1156 longius
1242 1109 1469 1155 evagantur,

185 1172 224 1204 et
241 1171 434 1216 tamquam
453 1165 662 1202 exultantes
682 1165 759 1202 sive
779 1165 976 1215 cupiendo,
994 1165 1070 1201 sive
1085 1164 1276 1215 fugiendo,
1292 1177 1366 1201 non
1381 1164 1470 1201 satis

184 1239 207 1263 a
225 1226 367 1263 ratione
385 1226 601 1270 retinentur,
623 1225 646 1261 ii
665 1225 742 1261 sine
762 1224 877 1261 dubio
905 1225 1016 1261 finem
1035 1229 1072 1260 et
1090 1223 1246 1261 modum
1265 1228 1469 1261 transeunt.

183 1286 413 1336 Relinquunt
433 1285 530 1322 enim
551 1289 589 1322 et
608 1283 1067 1334 abjiciuntobedjentiam,
1088 1296 1155 1321 nec
1174 1283 1306 1320 rationi
1324 1289 1468 1334 parent,

184 1346 243 1383 cui
262 1350 349 1383 sunt
368 1345 528 1395 subjecti
547 1344 631 1395 lege
646 1349 791 1381 naturae
808 1356 814 1380 :
836 1356 858 1380 a
877 1344 1012 1393 quibus
1032 1356 1106 1380 non
1123 1343 1237 1380 modo
1256 1343 1367 1380 animi
1387 1356 1468 1393 per-

141 1409 164 1442 4
184 1406 393 1448 turbantur,
414 1404 481 1441 sed
501 1404 614 1441 etiam
641 1416 809 1454 corpora..
828 1421 835 1440 Q
866 1403 971 1440 Licet
991 1416 1057 1440 ora
1076 1403 1157 1453 ipsa
1185 1415 1334 1440 cernere
1359 1403 1469 1440 irato-

183 1478 278 1509 rum,
300 1470 366 1501 aut
385 1477 527 1507 eorum,
548 1464 612 1513 qui
639 1469 707 1500 aut
734 1463 885 1501 libidine
914 1463 1037 1513 aliqua
1065 1468 1130 1499 aut
1161 1467 1266 1499 metu
1293 1462 1469 1503 commoti

183 1530 281 1568 sunt,
302 1529 367 1561 aut
387 1524 580 1574 voluptate
600 1523 712 1560 nimia
740 1524 906 1574 gestiunt
923 1535 930 1559 :
960 1536 1120 1572 quorum
1147 1522 1311 1559 omnium
1329 1522 1468 1566 vultus,

141 1591 163 1623 5
184 1597 306 1628 voces,
326 1590 450 1621 motus
470 1588 667 1633 statusque
688 1588 892 1620 mutantur.
948 1583 1006 1619 Ex
1025 1583 1160 1632 quibus
1180 1581 1273 1619 illud
1297 1581 1469 1633 intelligi-

167 1650 228 1682 tur
248 1643 306 1696 (ut
325 1644 374 1681 ad
393 1644 503 1681 officii
521 1644 680 1680 formam
699 1641 947 1693 revertamur)
965 1642 1156 1693 appetitus
1168 1654 1304 1682 ‚omnes
1324 1647 1469 1679 contra-

183 1704 326 1741 hendos
359 1703 621 1753 sedandosque
650 1716 744 1746 esse,
773 1703 1085 1752 excitandamque
1113 1701 1470 1743 animadversionem

184 1769 222 1801 et
242 1763 482 1813 diligentiam,
501 1767 546 1799 ut
573 1775 620 1799 ne
649 1762 740 1812 quid
767 1767 908 1799 temere
941 1774 984 1798 ae
1013 1761 1178 1804 fortuito,
1197 1760 1469 1799 inconsiderate

184 1823 492 1874 negligenterque
510 1834 678 1873 agamus.

141 1947 164 1980 6
237 1942 371 1992 Neque
404 1941 501 1979 enim
531 1940 584 1978 ita
611 1940 777 1991 generati
805 1953 828 1976 a
854 1945 989 1976 natura
1019 1952 1160 1983 sumus,
1189 1944 1232 1976 ut
1259 1939 1308 1976 ad
1336 1939 1467 1977 ludum

185 2008 222 2039 et
238 2002 367 2053 jocum
394 2001 484 2038 faeti
511 2013 592 2038 esse
611 2000 829 2037 videamur:
859 1999 907 2037 ad
935 1999 1172 2036 severit-atem
1199 1999 1336 2049 potius,
1358 1999 1467 2037 etad

109 2077 117 2086 ·
143 2062 163 2099 7
184 2061 360 2112 quaedam
380 2061 504 2097 studia
521 2060 692 2111 graviora
711 2065 824 2110 atque
843 2059 996 2110 majora.
1051 2058 1161 2095 Ludo
1181 2063 1307 2095 autem
1327 2063 1365 2096 et
1379 2059 1467 2109 joco

184 2121 240 2158 uti
269 2121 332 2158 illo
360 2120 512 2170 quidem
538 2120 649 2157 licet:
680 2119 749 2156 sed
776 2119 872 2156 sicut
900 2131 1031 2156 somno
1050 2123 1088 2155 et
1107 2118 1294 2168 quiet-ibus
1322 2119 1465 2163 ceteris,

142 2185 165 2217 8
184 2185 278 2225 tum,
295 2194 382 2218 cum
400 2179 577 2231 gravibus
596 2179 772 2229 seriisque
787 2179 899 2216 rebus
914 2177 1212 2215 satisfecerimus.
1261 2178 1468 2228 Ipsumque

184 2252 304 2291 genus
321 2239 472 2291 jocandi
489 2252 564 2276 non
583 2238 779 2289 profusum
798 2251 866 2275 nec
885 2237 1161 2281 immodestum,
1178 2237 1245 2274 sed
1264 2237 1468 2288 ingenuum

141 2304 164 2337 9
184 2305 223 2337 et
240 2300 405 2337 facetum
423 2311 504 2336 esse
524 2298 650 2336 debet.
705 2298 760 2335 Ut
778 2298 875 2335 enim
894 2297 1018 2348 pueris
1037 2310 1112 2334 non
1139 2309 1287 2334 omnem
1315 2297 1468 2334 ludendi

184 2359 372 2397 licentiam
390 2359 536 2402 damus,
557 2358 623 2395 sed
643 2370 736 2402 eam,
757 2370 842 2407 quae
860 2357 908 2394 ab
928 2356 1133 2394 honestatis
1162 2356 1369 2394 actionibus
1395 2368 1467 2394 non

185 2421 234 2457 sit
251 2419 394 2457 aliena:
423 2419 475 2456 sic
494 2418 531 2456 in
549 2418 630 2469 ipso
655 2417 743 2468 joco
771 2417 922 2467 aliquod
951 2416 1060 2467 probi
1085 2416 1222 2468 ingenii
1245 2416 1372 2454 lumen
1390 2415 1466 2453 elu-
