1674 2754
568 211 681 236 unna
699 211 756 235 111.
813 210 901 236 CAP.
922 211 980 236 111.
1409 203 1456 238 89

103 299 191 351 quin
205 311 399 349 nunquam
414 297 532 349 possit
547 297 687 335 utilitas
703 310 789 334 cum
803 297 1001 334 honestate
1017 297 1254 335 contendere.
1311 300 1386 336 Ita·
1409 304 1430 337 3

102 372 176 410 que
194 359 419 410 accepimus,
440 359 634 396 Socratem
663 357 830 395 execrari
858 356 1011 394 solitum
1029 369 1106 401 eos,
1132 358 1197 407 qui
1225 359 1388 409 primum

101 420 194 464 haec,
214 423 350 456 natura
369 418 606 462 cohaerentia,
627 417 798 468 opinione
818 417 1089 455 distraxissent.
1146 416 1217 454 Cui
1235 419 1388 468 quidem
1409 422 1430 456 4

101 480 154 517 ita
185 483 276 517 sunt
308 478 426 516 Stoici
457 478 610 522 assensi,
631 483 674 515 ut
707 483 746 515 et
779 477 957 528 quicquid
989 477 1190 515 honestum
1220 482 1329 522 esset,
1350 479 1388 515 id

101 539 192 577 utile
221 552 304 577 esse
336 543 555 583 censerent;
586 551 655 576 nec
687 538 778 575 utile
807 538 1020 588 quicquam,
1041 537 1144 588 quod
1173 551 1247 575 non
1275 538 1389 576 hone-

102 604 214 637 stum.
272 599 418 644 Quodsi
436 599 466 636 is
486 603 586 636 esset
604 598 808 642 Panae'tius,
829 598 892 648 qui
911 597 1089 636 virtutem
1108 602 1310 649 propterea
1329 611 1389 636 co-
1411 605 1432 637 5

101 659 253 698 leudam
282 659 434 703 diceret,
455 658 558 710 quod
586 672 630 697 ea
659 659 822 696 efficiens
855 658 1026 696 utilitatis
1058 663 1180 702 esset;
1209 663 1253 696 ut
1271 658 1305 703 ii,
1327 659 1391 709 qui

101 733 163 758 res
183 719 413 771 expetendas
426 720 486 757 vel
504 719 699 770 voluptate
712 719 771 756 vel
791 718 997 756 indolentia
1015 718 1241 756 metiuntur:
1263 719 1391 757 liceret

100 780 135 818 ei
154 780 289 824 dicere,
309 780 511 818 utilitatem
541 779 745 830 aliquando
765 792 852 816 cum
871 779 1071 816 honestate
1099 792 1282 830 pugnare.
1313 779 1391 817 Sed
1411 783 1434 817 6

102 853 188 878 cum
206 840 254 878 sit
272 840 314 884 is,
336 840 400 891 qui
426 839 466 878 id
493 840 616 878 solum
636 840 777 877 bonum
795 839 954 890 judicet,
976 839 1080 890 quod
1099 840 1300 877 honestum
1320 840 1390 885 sit;

101 912 186 950 quae
215 904 342 938 autem
370 900 459 938 huic
492 903 707 951 repugnent
726 899 851 950 specie
871 899 1037 949 quadam
1055 899 1238 944 utilitatis,
1259 913 1391 938 eorum

100 972 223 1010 neque
252 960 466 998 accessione
494 960 687 997 meliorem
707 960 824 997 vitam
852 959 941 1003 fieri,
962 972 1031 997 nec
1052 959 1267 997 decessione
1288 961 1390 1012 pejo-

100 1032 203 1058 rem:
232 1033 308 1058 non
326 1020 475 1058 videtur
504 1020 587 1070 ejus
616 1019 720 1057 modi
750 1019 923 1057 debuisse
952 1020 1259 1058 deliberationem
1277 1020 1391 1059 intro-

102 1080 253 1124 ducere,
274 1080 310 1118 in
329 1093 416 1131 qua,
437 1080 540 1131 quod
558 1080 650 1117 utile
669 1080 870 1123 videretur,
889 1093 975 1117 cum
996 1093 1051 1124 eo,
1069 1080 1172 1130 quod
1192 1081 1392 1118 honestum

104 1145 173 1185 est,
184 1145 478 1191 compararetur.
509 1140 659 1177 Etenim
673 1140 776 1190 quod
791 1153 982 1177 summum
998 1140 1141 1177 bonum
1154 1153 1176 1176 a
1189 1138 1323 1178 Stoicis
1336 1141 1390 1178 di-
1413 1141 1434 1179 7

102 1201 208 1245 citur,
231 1201 494 1238 convenienter
520 1204 665 1237 naturae
685 1188 822 1244 vivere,
842 1200 880 1237 id
909 1200 1025 1237 habet
1053 1201 1162 1244 hanc,
1186 1204 1230 1237 ut
1249 1200 1392 1251 opinor,

101 1261 337 1305 sententiam,
368 1273 456 1298 cum
488 1260 628 1298 virtute
658 1272 867 1311 congruere
898 1273 1068 1310 semper;
1098 1265 1224 1298 cetera
1251 1265 1391 1305 autem,

103 1334 188 1372 quae
207 1321 418 1359 secundum
444 1325 620 1358 naturam
649 1325 786 1365 essent,
807 1320 859 1358 ita
889 1320 1027 1372 legere,
1049 1320 1079 1358 si
1099 1333 1143 1359 ea
1162 1320 1291 1358 virtuti
1317 1334 1393 1359 non

102 1386 373 1434 repugnarent.
430 1381 544 1426 Quod
564 1394 652 1418 eum
677 1381 730 1418 ita
749 1381 806 1425 sit,
829 1385 967 1432 putant
986 1379 1153 1432 quidam,
1174 1382 1272 1419 hanc
1292 1395 1390 1419 com·
1414 1387 1436 1420 8

102 1442 334 1494 parationem
353 1454 428 1479 non
446 1447 550 1479 recte
569 1441 837 1486 introductam,
858 1454 928 1479 nec
948 1442 1098 1479 omnino
1118 1441 1166 1479 de
1186 1454 1231 1479 eo
1251 1454 1391 1492 genere

101 1503 305 1553 quicquam
325 1501 624 1552 praecipiendum
644 1501 770 1539 fuisse.

155 1563 286 1612 Atque
313 1561 407 1599 illud
434 1561 587 1612 quidem
615 1562 828 1605 honestum,
850 1561 954 1612 quod
982 1561 1133 1612 proprie
1153 1574 1316 1611 vereque
1336 1561 1391 1599 di·
1413 1566 1436 1600 9

103 1622 210 1667 citur,
231 1622 270 1660 id
298 1621 335 1659 in
362 1622 595 1673 sapientibus
623 1626 681 1659 est
709 1622 808 1666 solis,
829 1634 953 1672 neque
979 1635 1002 1659 a
1020 1623 1159 1660 virtute
1179 1622 1305 1661 divelli
1324 1636 1391 1660 un-

103 1695 217 1733 quam
236 1686 374 1733 potest.
428 1682 474 1719 In
492 1682 535 1719 iis
555 1686 694 1726 autem,
717 1682 753 1719 in
773 1683 909 1733 quibus
929 1682 1111 1733 sapientia
1131 1684 1300 1734 perfecta
1318 1696 1393 1721 non

103 1747 171 1786 est,
188 1742 313 1793 ipsum
331 1742 424 1780 illud
445 1742 599 1792 quidem
620 1742 833 1793 perfectum
853 1743 1054 1780 honestum
1073 1744 1178 1781 nullo
1197 1743 1323 1788 modo,
1344 1743 1391 1781 si-

102 1802 329 1840 militudines
356 1802 504 1840 honesti
532 1815 615 1840 esse
643 1807 814 1853 possunt.
871 1803 966 1840 Hoec
991 1803 1089 1840 enim
1117 1804 1241 1841 omnia
1261 1804 1390 1848 officia,
1415 1808 1462 1842 10

103 1862 152 1901 de
170 1862 307 1914 quibus
326 1862 384 1901 his
402 1862 509 1901 libris
530 1862 781 1914 disputamus,
802 1863 927 1901 media
956 1863 1073 1901 Stoici
1101 1864 1319 1915 appellant:
1350 1877 1394 1902 ea

102 1923 315 1962 communia
332 1928 431 1967 sunt,
449 1927 487 1961 et
505 1923 581 1961 late
601 1927 734 1974 patent
750 1935 758 1961 :
779 1936 866 1974 quoe
882 1928 920 1962 et
938 1924 1078 1975 ingenii
1097 1924 1265 1962 bonitate
1284 1924 1394 1963 multi

102 1988 353 2035 assequuntur
371 1988 411 2022 et
429 1984 691 2035 progressione
711 1983 891 2023 discendi.
949 1984 1052 2022 Illud
1073 1989 1201 2022 autem
1217 1985 1391 2030 officium,
1416 1989 1462 2023 11

102 2043 206 2094 quod
224 2049 370 2082 rectum
387 2043 501 2082 iidem
515 2044 720 2095 appellant,
735 2044 945 2095 perfectum
959 2050 1072 2096 atque
1087 2045 1303 2083 absolutum
1324 2050 1393 2090 est,

104 2109 153 2157 et,
172 2108 217 2142 ut
245 2104 358 2142 iidem
379 2104 520 2149 dicunt,
542 2117 673 2142 omnes
699 2117 877 2142 numeros
903 2105 1046 2150 habet;
1075 2118 1155 2150 nec,
1178 2111 1318 2157 practer
1336 2119 1393 2144 sa-

104 2163 278 2215 pientem,
301 2164 435 2202 cadere
462 2165 499 2202 in
519 2177 748 2216 quemquam
778 2170 916 2216 potest.
975 2166 1075 2203 Cum
1104 2171 1233 2204 autem
1254 2167 1393 2217 aliquid
1417 2171 1463 2204 12

104 2228 232 2261 actum
255 2228 324 2268 est,
345 2224 382 2261 in
399 2237 476 2275 quo
501 2225 624 2263 media
651 2225 771 2263 officia
796 2230 1048 2277 compareant,
1070 2226 1107 2264 id
1135 2227 1323 2264 cumulate
1342 2227 1393 2264 vi—

105 2283 217 2321 detur
246 2295 329 2321 esse
357 2285 578 2335 perfectum,
610 2290 812 2336 propterea
837 2286 940 2336 quod
962 2287 1109 2338 vulgus,
1131 2287 1221 2336 quid
1247 2287 1346 2323 absit
1372 2300 1394 2324 a

105 2343 285 2394 perfecto,
306 2356 380 2381 non
408 2344 487 2382 fere
516 2344 700 2397 intelligit,
721 2350 907 2396 quatenus
936 2351 1063 2383 autem
1092 2346 1276 2397 intelligit,
1304 2346 1394 2383 nihil

105 2408 216 2456 putat
243 2404 554 2455 praetermissum.
611 2406 724 2451 Quod
752 2406 854 2443 idem
881 2406 918 2443 in
947 2406 1142 2457 poematis,
1172 2406 1209 2442 in
1239 2405 1394 2456 picturis
1417 2410 1463 2444 13

104 2477 178 2502 usu
204 2464 318 2510 venit,
346 2463 385 2502 in
412 2464 569 2516 aliisque
597 2466 868 2517 compluribuS,
895 2470 940 2503 ut
965 2465 1203 2503 delectentur
1235 2465 1395 2517 imperiti
