<?xml version="1.0" encoding="UTF-8"?>
<!DOCTYPE html PUBLIC "-//W3C//DTD XHTML 1.0 Transitional//EN"
    "http://www.w3.org/TR/xhtml1/DTD/xhtml1-transitional.dtd">
<html xmlns="http://www.w3.org/1999/xhtml" xml:lang="en" lang="en">
 <head>
  <title>
</title>
<meta http-equiv="Content-Type" content="text/html;charset=utf-8" />
  <meta name='ocr-system' content='tesseract 3.04.00' />
  <meta name='ocr-capabilities' content='ocr_page ocr_carea ocr_par ocr_line ocrx_word'/>
</head>
<body>
  <div class='ocr_page' id='page_1' title='image "./deofficiislibrit00ciceuoft_0022.png"; bbox 0 0 1674 2754; ppageno 0'>
   <div class='ocr_carea' id='block_1_1' title="bbox 118 182 1283 226">
    <p class='ocr_par' dir='ltr' id='par_1_1' title="bbox 118 182 1283 226">
     <span class='ocr_line' id='line_1_1' title="bbox 118 182 1283 226; baseline -0.004 -10"><span class='ocrx_word' id='word_1_1' title='bbox 118 182 164 216; x_wconf 88' lang='lat'><strong>10</strong></span> <span class='ocrx_word' id='word_1_2' title='bbox 661 190 711 214; x_wconf 81' lang='lat' dir='ltr'><strong>DE</strong></span> <span class='ocrx_word' id='word_1_3' title='bbox 740 189 908 214; x_wconf 71' lang='lat' dir='ltr'><strong>ormcus</strong></span> <span class='ocrx_word' id='word_1_4' title='bbox 1265 206 1283 226; x_wconf 44' lang='grc' dir='ltr'><strong>ο.</strong></span> 
     </span>
    </p>
   </div>
   <div class='ocr_carea' id='block_1_2' title="bbox 119 273 1466 1881">
    <p class='ocr_par' dir='ltr' id='par_1_2' title="bbox 181 273 1460 387">
     <span class='ocr_line' id='line_1_2' title="bbox 186 273 1460 327; baseline -0.001 -15"><span class='ocrx_word' id='word_1_5' title='bbox 186 276 379 327; x_wconf 86' lang='lat' dir='ltr'>quoddam</span> <span class='ocrx_word' id='word_1_6' title='bbox 398 276 560 314; x_wconf 86' lang='lat' dir='ltr'><strong>officium</strong></span> <span class='ocrx_word' id='word_1_7' title='bbox 579 276 725 320; x_wconf 87' lang='lat' dir='ltr'><strong>dicitur,</strong></span> <span class='ocrx_word' id='word_1_8' title='bbox 742 280 780 313; x_wconf 92' lang='lat' dir='ltr'><strong>et</strong></span> <span class='ocrx_word' id='word_1_9' title='bbox 798 275 1021 316; x_wconf 77' lang='lat' dir='ltr'><strong>perfectum.</strong></span> <span class='ocrx_word' id='word_1_10' title='bbox 1066 275 1283 312; x_wconf 73' lang='lat' dir='ltr'><strong>Perfectum</strong></span> <span class='ocrx_word' id='word_1_11' title='bbox 1301 273 1460 312; x_wconf 84' lang='lat' dir='ltr'><strong>officium</strong></span> 
     </span>
     <span class='ocr_line' id='line_1_3' title="bbox 181 334 1460 387; baseline -0.002 -14"><span class='ocrx_word' id='word_1_12' title='bbox 181 340 402 380; x_wconf 84' lang='lat' dir='ltr'><strong>rectum,</strong></span> <span class='ocrx_word' id='word_1_13' title='bbox 442 336 584 387; x_wconf 82' lang='lat' dir='ltr'>opinor,</span> <span class='ocrx_word' id='word_1_14' title='bbox 612 348 800 379; x_wconf 81' lang='lat' dir='ltr'><strong>vocemuS,</strong></span> <span class='ocrx_word' id='word_1_15' title='bbox 829 334 931 385; x_wconf 92' lang='lat' dir='ltr'><strong>quod</strong></span> <span class='ocrx_word' id='word_1_16' title='bbox 966 334 1090 372; x_wconf 86' lang='lat' dir='ltr'><strong>Graeci</strong></span> <span class='ocrx_word' id='word_1_17' title='bbox 1122 334 1349 385; x_wconf 53' lang='grc' dir='ltr'><strong>κατόρθωμα,</strong></span> <span class='ocrx_word' id='word_1_18' title='bbox 1388 334 1460 371; x_wconf 82' lang='lat' dir='ltr'><strong>hoe</strong></span> 
     </span>
    </p>

    <p class='ocr_par' dir='ltr' id='par_1_3' title="bbox 139 394 1461 625">
     <span class='ocr_line' id='line_1_4' title="bbox 139 394 1460 444; baseline -0.002 -11"><span class='ocrx_word' id='word_1_19' title='bbox 139 401 161 434; x_wconf 89' lang='lat'>5</span> <span class='ocrx_word' id='word_1_20' title='bbox 183 401 310 433; x_wconf 89' lang='lat' dir='ltr'><strong>autem</strong></span> <span class='ocrx_word' id='word_1_21' title='bbox 344 408 540 433; x_wconf 87' lang='lat' dir='ltr'><strong>commune</strong></span> <span class='ocrx_word' id='word_1_22' title='bbox 574 395 811 433; x_wconf 84' lang='lat' dir='ltr'><strong>officium</strong></span> <span class='ocrx_word' id='word_1_23' title='bbox 844 399 991 432; x_wconf 84' lang='lat' dir='ltr'><strong>vocant.</strong></span> <span class='ocrx_word' id='word_1_24' title='bbox 1047 394 1178 444; x_wconf 87' lang='lat' dir='ltr'><strong>Atque</strong></span> <span class='ocrx_word' id='word_1_25' title='bbox 1206 407 1250 432; x_wconf 90' lang='lat' dir='ltr'><strong>ea</strong></span> <span class='ocrx_word' id='word_1_26' title='bbox 1283 394 1335 431; x_wconf 87' lang='lat' dir='ltr'><strong>sic</strong></span> <span class='ocrx_word' id='word_1_27' title='bbox 1369 394 1460 431; x_wconf 89' lang='lat' dir='ltr'><strong>defi-</strong></span> 
     </span>
     <span class='ocr_line' id='line_1_5' title="bbox 180 454 1461 505; baseline -0.001 -13"><span class='ocrx_word' id='word_1_28' title='bbox 180 455 296 498; x_wconf 87' lang='lat' dir='ltr'><strong>niunt,</strong></span> <span class='ocrx_word' id='word_1_29' title='bbox 318 460 362 492; x_wconf 87' lang='lat' dir='ltr'><strong>ut</strong></span> <span class='ocrx_word' id='word_1_30' title='bbox 380 460 525 492; x_wconf 86' lang='lat' dir='ltr'><strong>rectum</strong></span> <span class='ocrx_word' id='word_1_31' title='bbox 545 455 646 505; x_wconf 89' lang='lat' dir='ltr'><strong>quod</strong></span> <span class='ocrx_word' id='word_1_32' title='bbox 674 455 732 498; x_wconf 89' lang='lat' dir='ltr'><strong>sit,</strong></span> <span class='ocrx_word' id='word_1_33' title='bbox 754 455 793 492; x_wconf 89' lang='lat' dir='ltr'><strong>id</strong></span> <span class='ocrx_word' id='word_1_34' title='bbox 821 454 983 492; x_wconf 89' lang='lat' dir='ltr'><strong>officium</strong></span> <span class='ocrx_word' id='word_1_35' title='bbox 1003 454 1213 504; x_wconf 85' lang='lat' dir='ltr'><strong>perfectum</strong></span> <span class='ocrx_word' id='word_1_36' title='bbox 1232 467 1314 491; x_wconf 90' lang='lat' dir='ltr'><strong>esse</strong></span> <span class='ocrx_word' id='word_1_37' title='bbox 1333 454 1461 492; x_wconf 85' lang='lat' dir='ltr'><strong>defini-</strong></span> 
     </span>
     <span class='ocr_line' id='line_1_6' title="bbox 181 513 1460 564; baseline 0 -12"><span class='ocrx_word' id='word_1_38' title='bbox 181 519 266 559; x_wconf 84' lang='lat' dir='ltr'><strong>ant;</strong></span> <span class='ocrx_word' id='word_1_39' title='bbox 295 514 461 552; x_wconf 91' lang='lat' dir='ltr'><strong>medium</strong></span> <span class='ocrx_word' id='word_1_40' title='bbox 480 518 605 552; x_wconf 87' lang='lat' dir='ltr'><strong>autem</strong></span> <span class='ocrx_word' id='word_1_41' title='bbox 620 515 780 552; x_wconf 90' lang='lat' dir='ltr'><strong>officium</strong></span> <span class='ocrx_word' id='word_1_42' title='bbox 798 514 837 551; x_wconf 93' lang='lat' dir='ltr'><strong>id</strong></span> <span class='ocrx_word' id='word_1_43' title='bbox 856 526 937 551; x_wconf 89' lang='lat' dir='ltr'><strong>esse</strong></span> <span class='ocrx_word' id='word_1_44' title='bbox 957 513 1097 557; x_wconf 87' lang='lat' dir='ltr'><strong>dieunt,</strong></span> <span class='ocrx_word' id='word_1_45' title='bbox 1113 513 1216 564; x_wconf 90' lang='lat' dir='ltr'><strong>quod</strong></span> <span class='ocrx_word' id='word_1_46' title='bbox 1235 527 1301 552; x_wconf 85' lang='lat' dir='ltr'><strong>our</strong></span> <span class='ocrx_word' id='word_1_47' title='bbox 1318 515 1460 552; x_wconf 74' lang='lat' dir='ltr'><strong>iactum</strong></span> 
     </span>
     <span class='ocr_line' id='line_1_7' title="bbox 181 574 855 625; baseline -0.001 -13"><span class='ocrx_word' id='word_1_48' title='bbox 181 574 240 618; x_wconf 87' lang='lat' dir='ltr'><strong>sit,</strong></span> <span class='ocrx_word' id='word_1_49' title='bbox 260 574 358 612; x_wconf 79' lang='lat' dir='ltr'><strong>ratio</strong></span> <span class='ocrx_word' id='word_1_50' title='bbox 378 575 580 625; x_wconf 88' lang='lat' dir='ltr'><strong>probabilis</strong></span> <span class='ocrx_word' id='word_1_51' title='bbox 599 574 707 612; x_wconf 85' lang='lat' dir='ltr'><strong>reddi</strong></span> <span class='ocrx_word' id='word_1_52' title='bbox 727 574 855 624; x_wconf 82' lang='lat' dir='ltr'>possit.</span> 
     </span>
    </p>

    <p class='ocr_par' dir='ltr' id='par_1_4' title="bbox 137 633 1462 804">
     <span class='ocr_line' id='line_1_8' title="bbox 137 633 1460 685; baseline 0.001 -14"><span class='ocrx_word' id='word_1_53' title='bbox 137 638 160 672; x_wconf 89' lang='grc'><strong>6</strong></span> <span class='ocrx_word' id='word_1_54' title='bbox 232 634 383 685; x_wconf 85' lang='lat' dir='ltr'><strong>Triplex</strong></span> <span class='ocrx_word' id='word_1_55' title='bbox 414 634 527 685; x_wconf 85' lang='lat' dir='ltr'><strong>igitur</strong></span> <span class='ocrx_word' id='word_1_56' title='bbox 558 639 625 678; x_wconf 92' lang='lat' dir='ltr'><strong>est,</strong></span> <span class='ocrx_word' id='word_1_57' title='bbox 655 639 699 671; x_wconf 90' lang='lat' dir='ltr'><strong>ut</strong></span> <span class='ocrx_word' id='word_1_58' title='bbox 727 634 896 671; x_wconf 82' lang='lat' dir='ltr'><strong>Panaetio</strong></span> <span class='ocrx_word' id='word_1_59' title='bbox 936 633 1093 677; x_wconf 89' lang='lat' dir='ltr'><strong>videtur,</strong></span> <span class='ocrx_word' id='word_1_60' title='bbox 1121 633 1261 671; x_wconf 87' lang='lat' dir='ltr'><strong>consilii</strong></span> <span class='ocrx_word' id='word_1_61' title='bbox 1291 633 1460 684; x_wconf 88' lang='lat' dir='ltr'><strong>capiendi</strong></span> 
     </span>
     <span class='ocr_line' id='line_1_9' title="bbox 181 693 1461 744; baseline 0 -13"><span class='ocrx_word' id='word_1_62' title='bbox 181 694 409 732; x_wconf 82' lang='lat' dir='ltr'><strong>deliberatio.</strong></span> <span class='ocrx_word' id='word_1_63' title='bbox 466 693 567 730; x_wconf 85' lang='lat' dir='ltr'><strong>Nam</strong></span> <span class='ocrx_word' id='word_1_64' title='bbox 595 698 662 730; x_wconf 85' lang='lat' dir='ltr'><strong>aut</strong></span> <span class='ocrx_word' id='word_1_65' title='bbox 689 693 936 731; x_wconf 77' lang='lat' dir='ltr'><strong>honestumne</strong></span> <span class='ocrx_word' id='word_1_66' title='bbox 964 693 1068 731; x_wconf 86' lang='lat' dir='ltr'><strong>factu</strong></span> <span class='ocrx_word' id='word_1_67' title='bbox 1095 693 1153 737; x_wconf 86' lang='lat' dir='ltr'><strong>sit,</strong></span> <span class='ocrx_word' id='word_1_68' title='bbox 1175 705 1223 730; x_wconf 88' lang='lat' dir='ltr'><strong>an</strong></span> <span class='ocrx_word' id='word_1_69' title='bbox 1249 698 1372 744; x_wconf 82' lang='lat' dir='ltr'><strong>turpe,</strong></span> <span class='ocrx_word' id='word_1_70' title='bbox 1393 693 1461 731; x_wconf 83' lang='lat' dir='ltr'><strong>du-</strong></span> 
     </span>
     <span class='ocr_line' id='line_1_10' title="bbox 180 753 1462 804; baseline 0 -13"><span class='ocrx_word' id='word_1_71' title='bbox 180 754 310 797; x_wconf 85' lang='lat' dir='ltr'><strong>bitant,</strong></span> <span class='ocrx_word' id='word_1_72' title='bbox 326 753 376 797; x_wconf 90' lang='lat' dir='ltr'><strong>id,</strong></span> <span class='ocrx_word' id='word_1_73' title='bbox 392 753 494 803; x_wconf 90' lang='lat' dir='ltr'><strong>quod</strong></span> <span class='ocrx_word' id='word_1_74' title='bbox 513 753 551 790; x_wconf 91' lang='lat' dir='ltr'><strong>in</strong></span> <span class='ocrx_word' id='word_1_75' title='bbox 571 753 873 791; x_wconf 83' lang='lat' dir='ltr'><strong>deliberationem</strong></span> <span class='ocrx_word' id='word_1_76' title='bbox 892 753 1014 797; x_wconf 88' lang='lat' dir='ltr'><strong>cadit;</strong></span> <span class='ocrx_word' id='word_1_77' title='bbox 1042 753 1079 790; x_wconf 91' lang='lat' dir='ltr'><strong>in</strong></span> <span class='ocrx_word' id='word_1_78' title='bbox 1098 766 1173 804; x_wconf 92' lang='lat' dir='ltr'><strong>quo</strong></span> <span class='ocrx_word' id='word_1_79' title='bbox 1192 753 1462 791; x_wconf 85' lang='lat' dir='ltr'><strong>considerando</strong></span> 
     </span>
    </p>

    <p class='ocr_par' dir='ltr' id='par_1_5' title="bbox 138 813 1465 1102">
     <span class='ocr_line' id='line_1_11' title="bbox 138 813 1462 863; baseline 0.001 -13"><span class='ocrx_word' id='word_1_80' title='bbox 138 813 158 850; x_wconf 79' lang='lat'><strong>7</strong></span> <span class='ocrx_word' id='word_1_81' title='bbox 181 826 283 863; x_wconf 86' lang='lat' dir='ltr'><strong>saepe</strong></span> <span class='ocrx_word' id='word_1_82' title='bbox 303 813 413 849; x_wconf 84' lang='lat' dir='ltr'><strong>animi</strong></span> <span class='ocrx_word' id='word_1_83' title='bbox 433 813 470 850; x_wconf 89' lang='lat' dir='ltr'><strong>in</strong></span> <span class='ocrx_word' id='word_1_84' title='bbox 498 813 701 850; x_wconf 83' lang='lat' dir='ltr'><strong>contrarias</strong></span> <span class='ocrx_word' id='word_1_85' title='bbox 728 813 930 850; x_wconf 86' lang='lat' dir='ltr'><strong>sententias</strong></span> <span class='ocrx_word' id='word_1_86' title='bbox 958 813 1226 851; x_wconf 85' lang='lat' dir='ltr'><strong>distrahuntur.</strong></span> <span class='ocrx_word' id='word_1_87' title='bbox 1282 814 1378 851; x_wconf 86' lang='lat' dir='ltr'><strong>Tum</strong></span> <span class='ocrx_word' id='word_1_88' title='bbox 1398 827 1462 851; x_wconf 88' lang='lat' dir='ltr'><strong>au-</strong></span> 
     </span>
     <span class='ocr_line' id='line_1_12' title="bbox 180 872 1464 922; baseline 0 -12"><span class='ocrx_word' id='word_1_89' title='bbox 180 878 257 910; x_wconf 83' lang='lat' dir='ltr'><strong>tem</strong></span> <span class='ocrx_word' id='word_1_90' title='bbox 284 878 350 909; x_wconf 88' lang='lat' dir='ltr'><strong>aut</strong></span> <span class='ocrx_word' id='word_1_91' title='bbox 378 872 588 922; x_wconf 78' lang='lat' dir='ltr'><strong>anquirunt,</strong></span> <span class='ocrx_word' id='word_1_92' title='bbox 617 877 682 909; x_wconf 83' lang='lat' dir='ltr'><strong>aut</strong></span> <span class='ocrx_word' id='word_1_93' title='bbox 711 873 933 916; x_wconf 76' lang='lat' dir='ltr'><strong>consultant,</strong></span> <span class='ocrx_word' id='word_1_94' title='bbox 964 873 1013 909; x_wconf 86' lang='lat' dir='ltr'><strong>ad</strong></span> <span class='ocrx_word' id='word_1_95' title='bbox 1041 873 1128 910; x_wconf 82' lang='lat' dir='ltr'><strong>vitae</strong></span> <span class='ocrx_word' id='word_1_96' title='bbox 1159 873 1464 911; x_wconf 79' lang='lat' dir='ltr'><strong>commoditatem</strong></span> 
     </span>
     <span class='ocr_line' id='line_1_13' title="bbox 177 931 1462 983; baseline 0.002 -15"><span class='ocrx_word' id='word_1_97' title='bbox 177 932 539 982; x_wconf 78' lang='lat' dir='ltr'><strong>jucunditatemque,</strong></span> <span class='ocrx_word' id='word_1_98' title='bbox 561 932 610 968; x_wconf 88' lang='lat' dir='ltr'><strong>ad</strong></span> <span class='ocrx_word' id='word_1_99' title='bbox 639 931 839 969; x_wconf 81' lang='lat' dir='ltr'><strong>facultates</strong></span> <span class='ocrx_word' id='word_1_100' title='bbox 858 945 983 969; x_wconf 88' lang='lat' dir='ltr'><strong>rerum</strong></span> <span class='ocrx_word' id='word_1_101' title='bbox 1002 936 1114 982; x_wconf 89' lang='lat' dir='ltr'><strong>atque</strong></span> <span class='ocrx_word' id='word_1_102' title='bbox 1133 933 1271 982; x_wconf 85' lang='lat' dir='ltr'><strong>copias,</strong></span> <span class='ocrx_word' id='word_1_103' title='bbox 1291 933 1341 970; x_wconf 86' lang='lat' dir='ltr'><strong>ad</strong></span> <span class='ocrx_word' id='word_1_104' title='bbox 1359 946 1462 983; x_wconf 90' lang='lat' dir='ltr'><strong>opes,</strong></span> 
     </span>
     <span class='ocr_line' id='line_1_14' title="bbox 180 991 1465 1042; baseline 0.002 -14"><span class='ocrx_word' id='word_1_105' title='bbox 180 992 229 1028; x_wconf 89' lang='lat' dir='ltr'><strong>ad</strong></span> <span class='ocrx_word' id='word_1_106' title='bbox 250 991 469 1042; x_wconf 86' lang='lat' dir='ltr'><strong>potentiam,</strong></span> <span class='ocrx_word' id='word_1_107' title='bbox 489 991 626 1041; x_wconf 89' lang='lat' dir='ltr'><strong>quibus</strong></span> <span class='ocrx_word' id='word_1_108' title='bbox 653 996 691 1029; x_wconf 90' lang='lat' dir='ltr'><strong>et</strong></span> <span class='ocrx_word' id='word_1_109' title='bbox 711 1003 750 1028; x_wconf 88' lang='lat' dir='ltr'><strong>se</strong></span> <span class='ocrx_word' id='word_1_110' title='bbox 771 992 917 1042; x_wconf 85' lang='lat' dir='ltr'><strong>possint</strong></span> <span class='ocrx_word' id='word_1_111' title='bbox 941 992 1073 1042; x_wconf 88' lang='lat' dir='ltr'><strong>juvare</strong></span> <span class='ocrx_word' id='word_1_112' title='bbox 1102 997 1140 1029; x_wconf 88' lang='lat' dir='ltr'><strong>et</strong></span> <span class='ocrx_word' id='word_1_113' title='bbox 1159 1005 1257 1036; x_wconf 90' lang='lat' dir='ltr'><strong>suos,</strong></span> <span class='ocrx_word' id='word_1_114' title='bbox 1279 992 1465 1030; x_wconf 87' lang='lat' dir='ltr'><strong>conducat</strong></span> 
     </span>
     <span class='ocr_line' id='line_1_15' title="bbox 181 1051 1463 1102; baseline 0.002 -14"><span class='ocrx_word' id='word_1_115' title='bbox 181 1051 220 1088; x_wconf 92' lang='lat' dir='ltr'><strong>id</strong></span> <span class='ocrx_word' id='word_1_116' title='bbox 249 1064 378 1094; x_wconf 90' lang='lat' dir='ltr'><strong>necne,</strong></span> <span class='ocrx_word' id='word_1_117' title='bbox 400 1051 448 1088; x_wconf 91' lang='lat' dir='ltr'><strong>de</strong></span> <span class='ocrx_word' id='word_1_118' title='bbox 476 1064 551 1101; x_wconf 88' lang='lat' dir='ltr'><strong>quo</strong></span> <span class='ocrx_word' id='word_1_119' title='bbox 579 1051 808 1089; x_wconf 87' lang='lat' dir='ltr'><strong>deliberant:</strong></span> <span class='ocrx_word' id='word_1_120' title='bbox 838 1065 924 1102; x_wconf 86' lang='lat' dir='ltr'><strong>quae</strong></span> <span class='ocrx_word' id='word_1_121' title='bbox 954 1051 1171 1089; x_wconf 84' lang='lat' dir='ltr'><strong>deliberatio</strong></span> <span class='ocrx_word' id='word_1_122' title='bbox 1199 1053 1316 1090; x_wconf 84' lang='lat' dir='ltr'><strong>omnis</strong></span> <span class='ocrx_word' id='word_1_123' title='bbox 1342 1052 1380 1090; x_wconf 89' lang='lat' dir='ltr'><strong>in</strong></span> <span class='ocrx_word' id='word_1_124' title='bbox 1406 1065 1463 1090; x_wconf 91' lang='lat' dir='ltr'><strong>ra-</strong></span> 
     </span>
    </p>

    <p class='ocr_par' dir='ltr' id='par_1_6' title="bbox 139 1110 1464 1337">
     <span class='ocr_line' id='line_1_16' title="bbox 139 1110 1464 1163; baseline 0.002 -15"><span class='ocrx_word' id='word_1_125' title='bbox 139 1116 160 1149; x_wconf 89' lang='grc'>8</span> <span class='ocrx_word' id='word_1_126' title='bbox 182 1111 323 1148; x_wconf 85' lang='lat' dir='ltr'><strong>tionem</strong></span> <span class='ocrx_word' id='word_1_127' title='bbox 350 1110 521 1148; x_wconf 83' lang='lat' dir='ltr'><strong>utilitatis</strong></span> <span class='ocrx_word' id='word_1_128' title='bbox 550 1111 659 1148; x_wconf 85' lang='lat' dir='ltr'><strong>cadit.</strong></span> <span class='ocrx_word' id='word_1_129' title='bbox 717 1112 883 1149; x_wconf 88' lang='lat' dir='ltr'><strong>Tertium</strong></span> <span class='ocrx_word' id='word_1_130' title='bbox 911 1111 1107 1149; x_wconf 88' lang='lat' dir='ltr'><strong>dubitandi</strong></span> <span class='ocrx_word' id='word_1_131' title='bbox 1135 1125 1254 1163; x_wconf 86' lang='lat' dir='ltr'><strong>genus</strong></span> <span class='ocrx_word' id='word_1_132' title='bbox 1283 1118 1351 1157; x_wconf 89' lang='lat' dir='ltr'><strong>est,</strong></span> <span class='ocrx_word' id='word_1_133' title='bbox 1379 1126 1464 1150; x_wconf 88' lang='lat' dir='ltr'><strong>cum</strong></span> 
     </span>
     <span class='ocr_line' id='line_1_17' title="bbox 182 1170 1462 1222; baseline 0.003 -16"><span class='ocrx_word' id='word_1_134' title='bbox 182 1182 353 1222; x_wconf 85' lang='lat' dir='ltr'><strong>pugnare</strong></span> <span class='ocrx_word' id='word_1_135' title='bbox 380 1170 529 1207; x_wconf 81' lang='lat' dir='ltr'><strong>videtur</strong></span> <span class='ocrx_word' id='word_1_136' title='bbox 557 1184 643 1208; x_wconf 88' lang='lat' dir='ltr'><strong>eum</strong></span> <span class='ocrx_word' id='word_1_137' title='bbox 675 1171 834 1208; x_wconf 88' lang='lat' dir='ltr'><strong>honesto</strong></span> <span class='ocrx_word' id='word_1_138' title='bbox 867 1171 916 1215; x_wconf 88' lang='lat' dir='ltr'><strong>id,</strong></span> <span class='ocrx_word' id='word_1_139' title='bbox 947 1171 1049 1221; x_wconf 91' lang='lat' dir='ltr'><strong>quod</strong></span> <span class='ocrx_word' id='word_1_140' title='bbox 1077 1171 1225 1209; x_wconf 76' lang='lat' dir='ltr'><strong>videtur</strong></span> <span class='ocrx_word' id='word_1_141' title='bbox 1252 1184 1333 1210; x_wconf 89' lang='lat' dir='ltr'><strong>esse</strong></span> <span class='ocrx_word' id='word_1_142' title='bbox 1360 1173 1462 1211; x_wconf 88' lang='lat' dir='ltr'><strong>utile.</strong></span> 
     </span>
     <span class='ocr_line' id='line_1_18' title="bbox 183 1231 1464 1283; baseline 0.002 -15"><span class='ocrx_word' id='word_1_143' title='bbox 183 1232 281 1269; x_wconf 87' lang='lat' dir='ltr'><strong>Cum</strong></span> <span class='ocrx_word' id='word_1_144' title='bbox 300 1231 397 1268; x_wconf 89' lang='lat' dir='ltr'><strong>enim</strong></span> <span class='ocrx_word' id='word_1_145' title='bbox 416 1231 556 1269; x_wconf 89' lang='lat' dir='ltr'><strong>utilitas</strong></span> <span class='ocrx_word' id='word_1_146' title='bbox 576 1232 624 1269; x_wconf 87' lang='lat' dir='ltr'><strong>ad</strong></span> <span class='ocrx_word' id='word_1_147' title='bbox 645 1245 684 1270; x_wconf 90' lang='lat' dir='ltr'><strong>se</strong></span> <span class='ocrx_word' id='word_1_148' title='bbox 704 1245 847 1283; x_wconf 89' lang='lat' dir='ltr'><strong>rapere,</strong></span> <span class='ocrx_word' id='word_1_149' title='bbox 868 1233 1044 1270; x_wconf 87' lang='lat' dir='ltr'><strong>honestas</strong></span> <span class='ocrx_word' id='word_1_150' title='bbox 1064 1237 1194 1269; x_wconf 83' lang='lat' dir='ltr'><strong>contra</strong></span> <span class='ocrx_word' id='word_1_151' title='bbox 1212 1245 1387 1271; x_wconf 83' lang='lat' dir='ltr'><strong>revocare</strong></span> <span class='ocrx_word' id='word_1_152' title='bbox 1415 1233 1464 1272; x_wconf 88' lang='lat' dir='ltr'><strong>ad</strong></span> 
     </span>
     <span class='ocr_line' id='line_1_19' title="bbox 181 1291 1463 1337; baseline 0.002 -8"><span class='ocrx_word' id='word_1_153' title='bbox 181 1304 221 1329; x_wconf 89' lang='lat' dir='ltr'><strong>se</strong></span> <span class='ocrx_word' id='word_1_154' title='bbox 242 1291 402 1335; x_wconf 82' lang='lat' dir='ltr'><strong>videtur,</strong></span> <span class='ocrx_word' id='word_1_155' title='bbox 422 1291 476 1335; x_wconf 80' lang='lat' dir='ltr'><strong>fit,</strong></span> <span class='ocrx_word' id='word_1_156' title='bbox 497 1296 539 1328; x_wconf 89' lang='lat' dir='ltr'><strong>ut</strong></span> <span class='ocrx_word' id='word_1_157' title='bbox 559 1292 789 1329; x_wconf 85' lang='lat' dir='ltr'><strong>distrahatur</strong></span> <span class='ocrx_word' id='word_1_158' title='bbox 814 1293 851 1329; x_wconf 90' lang='lat' dir='ltr'><strong>in</strong></span> <span class='ocrx_word' id='word_1_159' title='bbox 871 1292 1113 1330; x_wconf 84' lang='lat' dir='ltr'><strong>deliberando</strong></span> <span class='ocrx_word' id='word_1_160' title='bbox 1141 1293 1296 1337; x_wconf 84' lang='lat' dir='ltr'><strong>animus,</strong></span> <span class='ocrx_word' id='word_1_161' title='bbox 1316 1294 1463 1331; x_wconf 82' lang='lat' dir='ltr'><strong>afferat-</strong></span> 
     </span>
    </p>

    <p class='ocr_par' dir='ltr' id='par_1_7' title="bbox 139 1351 1465 1642">
     <span class='ocr_line' id='line_1_20' title="bbox 139 1351 1464 1404; baseline 0.001 -15"><span class='ocrx_word' id='word_1_162' title='bbox 139 1357 161 1389; x_wconf 88' lang='lat'>9</span> <span class='ocrx_word' id='word_1_163' title='bbox 182 1364 254 1402; x_wconf 91' lang='lat' dir='ltr'><strong>que</strong></span> <span class='ocrx_word' id='word_1_164' title='bbox 282 1351 482 1401; x_wconf 85' lang='lat' dir='ltr'><strong>ancipitem</strong></span> <span class='ocrx_word' id='word_1_165' title='bbox 512 1364 640 1389; x_wconf 86' lang='lat' dir='ltr'><strong>euram</strong></span> <span class='ocrx_word' id='word_1_166' title='bbox 669 1352 868 1403; x_wconf 85' lang='lat' dir='ltr'><strong>cogitandi.</strong></span> <span class='ocrx_word' id='word_1_167' title='bbox 925 1352 1008 1389; x_wconf 85' lang='lat' dir='ltr'><strong>Hac</strong></span> <span class='ocrx_word' id='word_1_168' title='bbox 1037 1352 1223 1396; x_wconf 83' lang='lat' dir='ltr'><strong>divisione,</strong></span> <span class='ocrx_word' id='word_1_169' title='bbox 1255 1366 1341 1390; x_wconf 89' lang='lat' dir='ltr'><strong>cum</strong></span> <span class='ocrx_word' id='word_1_170' title='bbox 1369 1366 1464 1404; x_wconf 86' lang='lat' dir='ltr'><strong>prae-</strong></span> 
     </span>
     <span class='ocr_line' id='line_1_21' title="bbox 181 1411 1464 1464; baseline 0.002 -16"><span class='ocrx_word' id='word_1_171' title='bbox 181 1411 292 1448; x_wconf 87' lang='lat' dir='ltr'><strong>terire</strong></span> <span class='ocrx_word' id='word_1_172' title='bbox 321 1412 462 1463; x_wconf 89' lang='lat' dir='ltr'><strong>aliquid</strong></span> <span class='ocrx_word' id='word_1_173' title='bbox 489 1412 696 1448; x_wconf 80' lang='lat' dir='ltr'><strong>maximum</strong></span> <span class='ocrx_word' id='word_1_174' title='bbox 723 1412 854 1449; x_wconf 81' lang='lat' dir='ltr'><strong>vitium</strong></span> <span class='ocrx_word' id='word_1_175' title='bbox 881 1413 918 1449; x_wconf 90' lang='lat' dir='ltr'><strong>in</strong></span> <span class='ocrx_word' id='word_1_176' title='bbox 946 1412 1148 1449; x_wconf 87' lang='lat' dir='ltr'><strong>dividendo</strong></span> <span class='ocrx_word' id='word_1_177' title='bbox 1175 1412 1234 1456; x_wconf 88' lang='lat' dir='ltr'><strong>sit,</strong></span> <span class='ocrx_word' id='word_1_178' title='bbox 1265 1413 1342 1451; x_wconf 91' lang='lat' dir='ltr'><strong>duo</strong></span> <span class='ocrx_word' id='word_1_179' title='bbox 1368 1427 1464 1464; x_wconf 85' lang='lat' dir='ltr'><strong>prae-</strong></span> 
     </span>
     <span class='ocr_line' id='line_1_22' title="bbox 184 1471 1465 1524; baseline 0.002 -16"><span class='ocrx_word' id='word_1_180' title='bbox 184 1471 352 1509; x_wconf 89' lang='lat' dir='ltr'><strong>termissa</strong></span> <span class='ocrx_word' id='word_1_181' title='bbox 371 1477 469 1509; x_wconf 88' lang='lat' dir='ltr'><strong>sunt.</strong></span> <span class='ocrx_word' id='word_1_182' title='bbox 526 1471 608 1509; x_wconf 89' lang='lat' dir='ltr'><strong>Nec</strong></span> <span class='ocrx_word' id='word_1_183' title='bbox 629 1472 726 1509; x_wconf 86' lang='lat' dir='ltr'><strong>enim</strong></span> <span class='ocrx_word' id='word_1_184' title='bbox 746 1472 879 1515; x_wconf 89' lang='lat' dir='ltr'><strong>solum,</strong></span> <span class='ocrx_word' id='word_1_185' title='bbox 899 1477 1028 1509; x_wconf 88' lang='lat' dir='ltr'><strong>utrum</strong></span> <span class='ocrx_word' id='word_1_186' title='bbox 1056 1472 1267 1516; x_wconf 90' lang='lat' dir='ltr'><strong>honestum,</strong></span> <span class='ocrx_word' id='word_1_187' title='bbox 1288 1485 1336 1510; x_wconf 89' lang='lat' dir='ltr'><strong>an</strong></span> <span class='ocrx_word' id='word_1_188' title='bbox 1354 1478 1465 1524; x_wconf 87' lang='lat' dir='ltr'><strong>turpe</strong></span> 
     </span>
     <span class='ocr_line' id='line_1_23' title="bbox 182 1531 1464 1583; baseline 0.002 -15"><span class='ocrx_word' id='word_1_189' title='bbox 182 1532 241 1575; x_wconf 90' lang='lat' dir='ltr'><strong>sit,</strong></span> <span class='ocrx_word' id='word_1_190' title='bbox 264 1531 462 1569; x_wconf 85' lang='lat' dir='ltr'><strong>deliberari</strong></span> <span class='ocrx_word' id='word_1_191' title='bbox 489 1531 607 1575; x_wconf 89' lang='lat' dir='ltr'><strong>solet;</strong></span> <span class='ocrx_word' id='word_1_192' title='bbox 636 1532 703 1569; x_wconf 92' lang='lat' dir='ltr'><strong>sed</strong></span> <span class='ocrx_word' id='word_1_193' title='bbox 733 1532 859 1575; x_wconf 88' lang='lat' dir='ltr'><strong>etiam,</strong></span> <span class='ocrx_word' id='word_1_194' title='bbox 881 1532 1031 1569; x_wconf 91' lang='lat' dir='ltr'><strong>duobus</strong></span> <span class='ocrx_word' id='word_1_195' title='bbox 1059 1532 1260 1583; x_wconf 88' lang='lat' dir='ltr'><strong>propositis</strong></span> <span class='ocrx_word' id='word_1_196' title='bbox 1287 1533 1464 1578; x_wconf 88' lang='lat' dir='ltr'><strong>honestis,</strong></span> 
     </span>
     <span class='ocr_line' id='line_1_24' title="bbox 181 1591 1465 1642; baseline 0.002 -14"><span class='ocrx_word' id='word_1_197' title='bbox 181 1596 308 1628; x_wconf 90' lang='lat' dir='ltr'><strong>utrum</strong></span> <span class='ocrx_word' id='word_1_198' title='bbox 328 1591 521 1629; x_wconf 88' lang='lat' dir='ltr'><strong>honestius</strong></span> <span class='ocrx_word' id='word_1_199' title='bbox 536 1604 544 1635; x_wconf 87' lang='lat'><strong>;</strong></span> <span class='ocrx_word' id='word_1_200' title='bbox 574 1591 750 1642; x_wconf 84' lang='lat' dir='ltr'><strong>itemque,</strong></span> <span class='ocrx_word' id='word_1_201' title='bbox 767 1592 918 1629; x_wconf 89' lang='lat' dir='ltr'><strong>duobus</strong></span> <span class='ocrx_word' id='word_1_202' title='bbox 938 1592 1138 1642; x_wconf 87' lang='lat' dir='ltr'><strong>propositis</strong></span> <span class='ocrx_word' id='word_1_203' title='bbox 1156 1592 1322 1636; x_wconf 87' lang='lat' dir='ltr'><strong>utilibus,</strong></span> <span class='ocrx_word' id='word_1_204' title='bbox 1338 1597 1465 1630; x_wconf 90' lang='lat' dir='ltr'><strong>utrum</strong></span> 
     </span>
    </p>

    <p class='ocr_par' dir='ltr' id='par_1_8' title="bbox 119 1652 1466 1881">
     <span class='ocr_line' id='line_1_25' title="bbox 119 1652 1466 1703; baseline 0.002 -15"><span class='ocrx_word' id='word_1_205' title='bbox 119 1655 161 1689; x_wconf 78' lang='lat' dir='ltr'><strong>[O</strong></span> <span class='ocrx_word' id='word_1_206' title='bbox 181 1652 318 1690; x_wconf 88' lang='lat' dir='ltr'><strong>utilius.</strong></span> <span class='ocrx_word' id='word_1_207' title='bbox 375 1653 447 1696; x_wconf 86' lang='lat' dir='ltr'><strong>Ita,</strong></span> <span class='ocrx_word' id='word_1_208' title='bbox 478 1664 592 1702; x_wconf 86' lang='lat' dir='ltr'><strong>quam</strong></span> <span class='ocrx_word' id='word_1_209' title='bbox 620 1653 681 1690; x_wconf 91' lang='lat' dir='ltr'><strong>ille</strong></span> <span class='ocrx_word' id='word_1_210' title='bbox 709 1652 894 1703; x_wconf 82' lang='lat' dir='ltr'><strong>triplicem</strong></span> <span class='ocrx_word' id='word_1_211' title='bbox 923 1652 1070 1703; x_wconf 81' lang='lat' dir='ltr'><strong>putavit</strong></span> <span class='ocrx_word' id='word_1_212' title='bbox 1098 1665 1179 1690; x_wconf 89' lang='lat' dir='ltr'><strong>esse</strong></span> <span class='ocrx_word' id='word_1_213' title='bbox 1207 1653 1400 1698; x_wconf 88' lang='lat' dir='ltr'><strong>rationem,</strong></span> <span class='ocrx_word' id='word_1_214' title='bbox 1428 1654 1466 1691; x_wconf 90' lang='lat' dir='ltr'><strong>in</strong></span> 
     </span>
     <span class='ocr_line' id='line_1_26' title="bbox 181 1712 1465 1764; baseline 0.001 -15"><span class='ocrx_word' id='word_1_215' title='bbox 181 1712 343 1762; x_wconf 88' lang='lat' dir='ltr'><strong>quinque</strong></span> <span class='ocrx_word' id='word_1_216' title='bbox 371 1717 498 1762; x_wconf 86' lang='lat' dir='ltr'><strong>partes</strong></span> <span class='ocrx_word' id='word_1_217' title='bbox 527 1712 697 1750; x_wconf 86' lang='lat' dir='ltr'><strong>distribui</strong></span> <span class='ocrx_word' id='word_1_218' title='bbox 725 1712 863 1750; x_wconf 84' lang='lat' dir='ltr'><strong>debere</strong></span> <span class='ocrx_word' id='word_1_219' title='bbox 892 1712 1087 1763; x_wconf 88' lang='lat' dir='ltr'><strong>reperitur.</strong></span> <span class='ocrx_word' id='word_1_220' title='bbox 1142 1713 1314 1750; x_wconf 92' lang='lat' dir='ltr'><strong>Primum</strong></span> <span class='ocrx_word' id='word_1_221' title='bbox 1348 1713 1465 1764; x_wconf 88' lang='lat' dir='ltr'><strong>igitur</strong></span> 
     </span>
     <span class='ocr_line' id='line_1_27' title="bbox 182 1771 1466 1844; baseline 0.002 -36"><span class='ocrx_word' id='word_1_222' title='bbox 182 1776 240 1808; x_wconf 88' lang='lat' dir='ltr'><strong>est</strong></span> <span class='ocrx_word' id='word_1_223' title='bbox 260 1771 307 1808; x_wconf 91' lang='lat' dir='ltr'><strong>de</strong></span> <span class='ocrx_word' id='word_1_224' title='bbox 326 1772 497 1815; x_wconf 91' lang='lat' dir='ltr'><strong>honesto,</strong></span> <span class='ocrx_word' id='word_1_225' title='bbox 520 1771 587 1808; x_wconf 89' lang='lat' dir='ltr'><strong>sed</strong></span> <span class='ocrx_word' id='word_1_226' title='bbox 607 1772 820 1822; x_wconf 84' lang='lat' dir='ltr'><strong>dupliciter,</strong></span> <span class='ocrx_word' id='word_1_227' title='bbox 837 1777 919 1808; x_wconf 89' lang='lat' dir='ltr'><strong>tum</strong></span> <span class='ocrx_word' id='word_1_228' title='bbox 938 1772 1019 1822; x_wconf 87' lang='lat' dir='ltr'><strong>pa1i</strong></span> <span class='ocrx_word' id='word_1_229' title='bbox 1037 1773 1180 1809; x_wconf 79' lang='lat' dir='ltr'><strong>ratione</strong></span> <span class='ocrx_word' id='word_1_230' title='bbox 1200 1772 1248 1810; x_wconf 89' lang='lat' dir='ltr'><strong>de</strong></span> <span class='ocrx_word' id='word_1_231' title='bbox 1267 1773 1358 1817; x_wconf 88' lang='lat' dir='ltr'><strong>utili,</strong></span> <span class='ocrx_word' id='word_1_232' title='bbox 1378 1778 1466 1844; x_wconf 90' lang='lat' dir='ltr'><strong>post</strong></span> 
     </span>
     <span class='ocr_line' id='line_1_28' title="bbox 183 1831 970 1881; baseline 0 -13"><span class='ocrx_word' id='word_1_233' title='bbox 183 1831 231 1868; x_wconf 89' lang='lat' dir='ltr'><strong>de</strong></span> <span class='ocrx_word' id='word_1_234' title='bbox 251 1832 530 1881; x_wconf 81' lang='lat' dir='ltr'><strong>comparatione</strong></span> <span class='ocrx_word' id='word_1_235' title='bbox 549 1844 680 1868; x_wconf 88' lang='lat' dir='ltr'><strong>eorum</strong></span> <span class='ocrx_word' id='word_1_236' title='bbox 700 1831 970 1868; x_wconf 84' lang='lat' dir='ltr'><strong>disserendum.</strong></span> 
     </span>
    </p>
   </div>
   <div class='ocr_carea' id='block_1_3' title="bbox 139 1950 1465 2480">
    <p class='ocr_par' dir='ltr' id='par_1_9' title="bbox 181 1950 1465 2180">
     <span class='ocr_line' id='line_1_29' title="bbox 234 1950 1464 2002; baseline 0.002 -15"><span class='ocrx_word' id='word_1_237' title='bbox 234 1950 305 1988; x_wconf 90' lang='lat' dir='ltr'><strong>IV.</strong></span> <span class='ocrx_word' id='word_1_238' title='bbox 335 1950 524 2001; x_wconf 87' lang='lat' dir='ltr'><strong>Principio</strong></span> <span class='ocrx_word' id='word_1_239' title='bbox 543 1950 672 2002; x_wconf 88' lang='lat' dir='ltr'><strong>generi</strong></span> <span class='ocrx_word' id='word_1_240' title='bbox 696 1950 941 1988; x_wconf 84' lang='lat' dir='ltr'><strong>animantium</strong></span> <span class='ocrx_word' id='word_1_241' title='bbox 960 1951 1060 1988; x_wconf 90' lang='lat' dir='ltr'><strong>omni</strong></span> <span class='ocrx_word' id='word_1_242' title='bbox 1079 1955 1137 1989; x_wconf 89' lang='lat' dir='ltr'><strong>est</strong></span> <span class='ocrx_word' id='word_1_243' title='bbox 1155 1964 1178 1988; x_wconf 90' lang='lat' dir='ltr'><strong>a</strong></span> <span class='ocrx_word' id='word_1_244' title='bbox 1196 1956 1330 1989; x_wconf 81' lang='lat' dir='ltr'><strong>natura</strong></span> <span class='ocrx_word' id='word_1_245' title='bbox 1348 1951 1464 1990; x_wconf 87' lang='lat' dir='ltr'><strong>tribu-</strong></span> 
     </span>
     <span class='ocr_line' id='line_1_30' title="bbox 183 2010 1462 2062; baseline 0.002 -15"><span class='ocrx_word' id='word_1_246' title='bbox 183 2015 277 2054; x_wconf 89' lang='lat' dir='ltr'><strong>tum,</strong></span> <span class='ocrx_word' id='word_1_247' title='bbox 297 2014 341 2047; x_wconf 85' lang='lat' dir='ltr'><strong>ut</strong></span> <span class='ocrx_word' id='word_1_248' title='bbox 367 2023 420 2053; x_wconf 86' lang='lat' dir='ltr'><strong>se,</strong></span> <span class='ocrx_word' id='word_1_249' title='bbox 448 2010 564 2048; x_wconf 86' lang='lat' dir='ltr'><strong>vitam</strong></span> <span class='ocrx_word' id='word_1_250' title='bbox 593 2023 805 2061; x_wconf 87' lang='lat' dir='ltr'><strong>corpusque</strong></span> <span class='ocrx_word' id='word_1_251' title='bbox 832 2015 995 2055; x_wconf 85' lang='lat' dir='ltr'><strong>tueatur,</strong></span> <span class='ocrx_word' id='word_1_252' title='bbox 1017 2010 1252 2061; x_wconf 88' lang='lat' dir='ltr'><strong>declinetque</strong></span> <span class='ocrx_word' id='word_1_253' title='bbox 1287 2024 1342 2055; x_wconf 82' lang='lat' dir='ltr'><strong>ea,</strong></span> <span class='ocrx_word' id='word_1_254' title='bbox 1376 2025 1462 2062; x_wconf 88' lang='lat' dir='ltr'><strong>quae</strong></span> 
     </span>
     <span class='ocr_line' id='line_1_31' title="bbox 181 2069 1463 2121; baseline 0.002 -15"><span class='ocrx_word' id='word_1_255' title='bbox 181 2069 351 2107; x_wconf 87' lang='lat' dir='ltr'><strong>nocitura</strong></span> <span class='ocrx_word' id='word_1_256' title='bbox 391 2069 600 2114; x_wconf 86' lang='lat' dir='ltr'><strong>videantur,</strong></span> <span class='ocrx_word' id='word_1_257' title='bbox 631 2070 839 2121; x_wconf 87' lang='lat' dir='ltr'><strong>omniaque,</strong></span> <span class='ocrx_word' id='word_1_258' title='bbox 869 2083 954 2120; x_wconf 86' lang='lat' dir='ltr'><strong>quae</strong></span> <span class='ocrx_word' id='word_1_259' title='bbox 991 2070 1063 2108; x_wconf 89' lang='lat' dir='ltr'><strong>sint</strong></span> <span class='ocrx_word' id='word_1_260' title='bbox 1099 2071 1148 2108; x_wconf 87' lang='lat' dir='ltr'><strong>ad</strong></span> <span class='ocrx_word' id='word_1_261' title='bbox 1175 2071 1375 2108; x_wconf 89' lang='lat' dir='ltr'><strong>vivendum</strong></span> <span class='ocrx_word' id='word_1_262' title='bbox 1401 2084 1463 2109; x_wconf 91' lang='lat' dir='ltr'><strong>ne-</strong></span> 
     </span>
     <span class='ocr_line' id='line_1_32' title="bbox 181 2129 1465 2180; baseline 0.002 -15"><span class='ocrx_word' id='word_1_263' title='bbox 181 2129 353 2173; x_wconf 87' lang='lat' dir='ltr'><strong>cessaria,</strong></span> <span class='ocrx_word' id='word_1_264' title='bbox 383 2130 556 2179; x_wconf 84' lang='lat' dir='ltr'><strong>anquirat</strong></span> <span class='ocrx_word' id='word_1_265' title='bbox 583 2134 622 2167; x_wconf 87' lang='lat' dir='ltr'><strong>et</strong></span> <span class='ocrx_word' id='word_1_266' title='bbox 650 2134 769 2180; x_wconf 86' lang='lat' dir='ltr'><strong>paret,</strong></span> <span class='ocrx_word' id='word_1_267' title='bbox 798 2134 842 2167; x_wconf 85' lang='lat' dir='ltr'><strong>ut</strong></span> <span class='ocrx_word' id='word_1_268' title='bbox 869 2135 1034 2180; x_wconf 86' lang='lat' dir='ltr'><strong>pastum,</strong></span> <span class='ocrx_word' id='word_1_269' title='bbox 1064 2135 1107 2167; x_wconf 86' lang='lat' dir='ltr'><strong>ut</strong></span> <span class='ocrx_word' id='word_1_270' title='bbox 1133 2130 1302 2174; x_wconf 85' lang='lat' dir='ltr'><strong>latibula,</strong></span> <span class='ocrx_word' id='word_1_271' title='bbox 1323 2136 1366 2168; x_wconf 88' lang='lat' dir='ltr'><strong>ut</strong></span> <span class='ocrx_word' id='word_1_272' title='bbox 1393 2131 1465 2168; x_wconf 85' lang='lat' dir='ltr'><strong>alia</strong></span> 
     </span>
    </p>

    <p class='ocr_par' dir='ltr' id='par_1_10' title="bbox 139 2188 1465 2480">
     <span class='ocr_line' id='line_1_33' title="bbox 139 2188 1465 2239; baseline 0.002 -14"><span class='ocrx_word' id='word_1_273' title='bbox 139 2193 160 2225; x_wconf 87' lang='lat'>2</span> <span class='ocrx_word' id='word_1_274' title='bbox 181 2188 328 2239; x_wconf 88' lang='lat' dir='ltr'><strong>generis</strong></span> <span class='ocrx_word' id='word_1_275' title='bbox 348 2189 529 2238; x_wconf 89' lang='lat' dir='ltr'><strong>ejusdem.</strong></span> <span class='ocrx_word' id='word_1_276' title='bbox 587 2189 796 2226; x_wconf 89' lang='lat' dir='ltr'><strong>Commune</strong></span> <span class='ocrx_word' id='word_1_277' title='bbox 815 2195 943 2226; x_wconf 85' lang='lat' dir='ltr'><strong>autem</strong></span> <span class='ocrx_word' id='word_1_278' title='bbox 962 2189 1203 2227; x_wconf 87' lang='lat' dir='ltr'><strong>animantium</strong></span> <span class='ocrx_word' id='word_1_279' title='bbox 1223 2191 1389 2227; x_wconf 89' lang='lat' dir='ltr'><strong>omnium</strong></span> <span class='ocrx_word' id='word_1_280' title='bbox 1407 2197 1465 2228; x_wconf 89' lang='lat' dir='ltr'><strong>est</strong></span> 
     </span>
     <span class='ocr_line' id='line_1_34' title="bbox 181 2248 1464 2300; baseline 0.002 -15"><span class='ocrx_word' id='word_1_281' title='bbox 181 2248 450 2299; x_wconf 87' lang='lat' dir='ltr'><strong>conjunctionis</strong></span> <span class='ocrx_word' id='word_1_282' title='bbox 478 2249 670 2299; x_wconf 84' lang='lat' dir='ltr'><strong>appetitus</strong></span> <span class='ocrx_word' id='word_1_283' title='bbox 698 2249 918 2299; x_wconf 87' lang='lat' dir='ltr'><strong>procreandi</strong></span> <span class='ocrx_word' id='word_1_284' title='bbox 946 2261 1069 2293; x_wconf 86' lang='lat' dir='ltr'><strong>causa,</strong></span> <span class='ocrx_word' id='word_1_285' title='bbox 1101 2254 1139 2287; x_wconf 91' lang='lat' dir='ltr'><strong>et</strong></span> <span class='ocrx_word' id='word_1_286' title='bbox 1169 2262 1259 2287; x_wconf 86' lang='lat' dir='ltr'><strong>eura</strong></span> <span class='ocrx_word' id='word_1_287' title='bbox 1286 2250 1464 2300; x_wconf 88' lang='lat' dir='ltr'><strong>quaedam</strong></span> 
     </span>
     <span class='ocr_line' id='line_1_35' title="bbox 139 2308 1464 2358; baseline 0.002 -14"><span class='ocrx_word' id='word_1_288' title='bbox 139 2312 160 2345; x_wconf 90' lang='lat'><strong>3</strong></span> <span class='ocrx_word' id='word_1_289' title='bbox 182 2320 322 2352; x_wconf 88' lang='lat' dir='ltr'><strong>eorum,</strong></span> <span class='ocrx_word' id='word_1_290' title='bbox 343 2320 429 2358; x_wconf 84' lang='lat' dir='ltr'><strong>quae</strong></span> <span class='ocrx_word' id='word_1_291' title='bbox 460 2313 656 2358; x_wconf 85' lang='lat' dir='ltr'><strong>procreata</strong></span> <span class='ocrx_word' id='word_1_292' title='bbox 675 2312 774 2346; x_wconf 88' lang='lat' dir='ltr'><strong>sunt.</strong></span> <span class='ocrx_word' id='word_1_293' title='bbox 831 2308 907 2345; x_wconf 89' lang='lat' dir='ltr'><strong>Sed</strong></span> <span class='ocrx_word' id='word_1_294' title='bbox 927 2309 1023 2345; x_wconf 88' lang='lat' dir='ltr'><strong>inter</strong></span> <span class='ocrx_word' id='word_1_295' title='bbox 1041 2309 1230 2346; x_wconf 90' lang='lat' dir='ltr'><strong>hominem</strong></span> <span class='ocrx_word' id='word_1_296' title='bbox 1249 2314 1286 2347; x_wconf 87' lang='lat' dir='ltr'><strong>et</strong></span> <span class='ocrx_word' id='word_1_297' title='bbox 1314 2310 1464 2347; x_wconf 88' lang='lat' dir='ltr'><strong>beluam</strong></span> 
     </span>
     <span class='ocr_line' id='line_1_36' title="bbox 180 2368 1464 2419; baseline 0.001 -14"><span class='ocrx_word' id='word_1_298' title='bbox 180 2368 252 2405; x_wconf 87' lang='lat' dir='ltr'><strong>hoc</strong></span> <span class='ocrx_word' id='word_1_299' title='bbox 290 2368 450 2405; x_wconf 87' lang='lat' dir='ltr'><strong>maxime</strong></span> <span class='ocrx_word' id='word_1_300' title='bbox 482 2368 646 2412; x_wconf 89' lang='lat' dir='ltr'><strong>interest,</strong></span> <span class='ocrx_word' id='word_1_301' title='bbox 688 2368 792 2418; x_wconf 92' lang='lat' dir='ltr'><strong>quod</strong></span> <span class='ocrx_word' id='word_1_302' title='bbox 829 2369 914 2405; x_wconf 84' lang='lat' dir='ltr'><strong>haec</strong></span> <span class='ocrx_word' id='word_1_303' title='bbox 951 2373 1108 2412; x_wconf 87' lang='lat' dir='ltr'><strong>tantum,</strong></span> <span class='ocrx_word' id='word_1_304' title='bbox 1138 2374 1322 2419; x_wconf 82' lang='lat' dir='ltr'><strong>quantum</strong></span> <span class='ocrx_word' id='word_1_305' title='bbox 1353 2382 1464 2407; x_wconf 87' lang='lat' dir='ltr'><strong>sensu</strong></span> 
     </span>
     <span class='ocr_line' id='line_1_37' title="bbox 181 2425 1463 2480; baseline 0.001 -15"><span class='ocrx_word' id='word_1_306' title='bbox 181 2432 365 2473; x_wconf 78' lang='lat' dir='ltr'><strong>movetur,</strong></span> <span class='ocrx_word' id='word_1_307' title='bbox 393 2427 443 2465; x_wconf 85' lang='lat' dir='ltr'><strong>ad</strong></span> <span class='ocrx_word' id='word_1_308' title='bbox 474 2427 514 2466; x_wconf 90' lang='lat' dir='ltr'><strong>id</strong></span> <span class='ocrx_word' id='word_1_309' title='bbox 552 2428 685 2472; x_wconf 88' lang='lat' dir='ltr'><strong>solum,</strong></span> <span class='ocrx_word' id='word_1_310' title='bbox 715 2427 817 2478; x_wconf 92' lang='lat' dir='ltr'><strong>quod</strong></span> <span class='ocrx_word' id='word_1_311' title='bbox 844 2428 953 2466; x_wconf 87' lang='lat' dir='ltr'><strong>adest</strong></span> <span class='ocrx_word' id='word_1_312' title='bbox 979 2428 1157 2479; x_wconf 90' lang='lat' dir='ltr'><strong>quodque</strong></span> <span class='ocrx_word' id='word_1_313' title='bbox 1185 2441 1355 2480; x_wconf 88' lang='lat' dir='ltr'><strong>praesens</strong></span> <span class='ocrx_word' id='word_1_314' title='bbox 1392 2425 1463 2473; x_wconf 83' lang='lat' dir='ltr'><strong>est.</strong></span> 
     </span>
    </p>
   </div>
  </div>
 </body>
</html>
