<?xml version="1.0" encoding="UTF-8"?>
<!DOCTYPE html PUBLIC "-//W3C//DTD XHTML 1.0 Transitional//EN"
    "http://www.w3.org/TR/xhtml1/DTD/xhtml1-transitional.dtd">
<html xmlns="http://www.w3.org/1999/xhtml" xml:lang="en" lang="en">
 <head>
  <title>
</title>
<meta http-equiv="Content-Type" content="text/html;charset=utf-8" />
  <meta name='ocr-system' content='tesseract 3.04.00' />
  <meta name='ocr-capabilities' content='ocr_page ocr_carea ocr_par ocr_line ocrx_word'/>
</head>
<body>
  <div class='ocr_page' id='page_1' title='image "./deofficiislibrit00ciceuoft_0105.png"; bbox 0 0 1674 2754; ppageno 0'>
   <div class='ocr_carea' id='block_1_1' title="bbox 547 203 1426 238">
    <p class='ocr_par' dir='ltr' id='par_1_1' title="bbox 547 203 1426 238">
     <span class='ocr_line' id='line_1_1' title="bbox 547 203 1426 238; baseline 0.005 -4"><span class='ocrx_word' id='word_1_1' title='bbox 547 210 660 235; x_wconf 65' lang='lat' dir='ltr'><strong>neme</strong></span> <span class='ocrx_word' id='word_1_2' title='bbox 678 209 735 236; x_wconf 90' lang='lat'><em>111.</em></span> <span class='ocrx_word' id='word_1_3' title='bbox 791 209 879 236; x_wconf 78' lang='lat' dir='ltr'>CAP.</span> <span class='ocrx_word' id='word_1_4' title='bbox 901 210 954 235; x_wconf 81' lang='lat' dir='ltr'><strong>VI.</strong></span> <span class='ocrx_word' id='word_1_5' title='bbox 1376 203 1426 238; x_wconf 79' lang='grc'><strong>93</strong></span> 
     </span>
    </p>
   </div>
   <div class='ocr_carea' id='block_1_2' title="bbox 76 295 1425 708">
    <p class='ocr_par' dir='ltr' id='par_1_2' title="bbox 78 295 1424 466">
     <span class='ocr_line' id='line_1_2' title="bbox 79 295 1354 348; baseline 0.001 -14"><span class='ocrx_word' id='word_1_6' title='bbox 79 300 276 348; x_wconf 86' lang='lat' dir='ltr'><strong>pertatem,</strong></span> <span class='ocrx_word' id='word_1_7' title='bbox 296 295 476 341; x_wconf 74' lang='lat' dir='ltr'><strong>dolorem,</strong></span> <span class='ocrx_word' id='word_1_8' title='bbox 496 296 734 335; x_wconf 86' lang='lat' dir='ltr'><strong>amissionem</strong></span> <span class='ocrx_word' id='word_1_9' title='bbox 753 295 868 333; x_wconf 87' lang='lat' dir='ltr'><strong>etiam</strong></span> <span class='ocrx_word' id='word_1_10' title='bbox 887 295 1102 340; x_wconf 87' lang='lat' dir='ltr'><strong>liberorum,</strong></span> <span class='ocrx_word' id='word_1_11' title='bbox 1125 297 1354 348; x_wconf 79' lang='lat' dir='ltr'><strong>propinquo-</strong></span> 
     </span>
     <span class='ocr_line' id='line_1_3' title="bbox 78 356 1424 407; baseline 0.003 -13"><span class='ocrx_word' id='word_1_12' title='bbox 78 369 173 400; x_wconf 83' lang='lat' dir='ltr'><strong>rum,</strong></span> <span class='ocrx_word' id='word_1_13' title='bbox 203 356 420 401; x_wconf 76' lang='lat' dir='ltr'><strong>amicorum,</strong></span> <span class='ocrx_word' id='word_1_14' title='bbox 452 370 565 407; x_wconf 89' lang='lat' dir='ltr'><strong>quam</strong></span> <span class='ocrx_word' id='word_1_15' title='bbox 597 357 720 394; x_wconf 87' lang='lat' dir='ltr'><strong>facere</strong></span> <span class='ocrx_word' id='word_1_16' title='bbox 754 356 918 407; x_wconf 87' lang='lat' dir='ltr'><strong>cuipiam</strong></span> <span class='ocrx_word' id='word_1_17' title='bbox 953 356 1137 407; x_wconf 85' lang='lat' dir='ltr'><strong>injuriam.</strong></span> <span class='ocrx_word' id='word_1_18' title='bbox 1195 357 1235 394; x_wconf 82' lang='lat' dir='ltr'><strong>Si</strong></span> <span class='ocrx_word' id='word_1_19' title='bbox 1265 359 1355 396; x_wconf 88' lang='lat' dir='ltr'>nihil</span> <span class='ocrx_word' id='word_1_20' title='bbox 1377 362 1424 398; x_wconf 82' lang='lat'><strong>14</strong></span> 
     </span>
     <span class='ocr_line' id='line_1_4' title="bbox 78 416 1358 466; baseline 0 -11"><span class='ocrx_word' id='word_1_21' title='bbox 78 417 266 455; x_wconf 84' lang='lat' dir='ltr'><strong>existimat</strong></span> <span class='ocrx_word' id='word_1_22' title='bbox 284 421 415 454; x_wconf 81' lang='lat' dir='ltr'><strong>contra</strong></span> <span class='ocrx_word' id='word_1_23' title='bbox 433 422 607 454; x_wconf 85' lang='lat' dir='ltr'><strong>naturam</strong></span> <span class='ocrx_word' id='word_1_24' title='bbox 625 417 704 454; x_wconf 89' lang='lat' dir='ltr'><strong>fieri</strong></span> <span class='ocrx_word' id='word_1_25' title='bbox 721 417 933 454; x_wconf 87' lang='lat' dir='ltr'><strong>hominibus</strong></span> <span class='ocrx_word' id='word_1_26' title='bbox 953 416 1144 459; x_wconf 83' lang='lat' dir='ltr'><strong>violandis,</strong></span> <span class='ocrx_word' id='word_1_27' title='bbox 1162 417 1251 466; x_wconf 88' lang='lat' dir='ltr'><strong>quid</strong></span> <span class='ocrx_word' id='word_1_28' title='bbox 1271 430 1358 455; x_wconf 88' lang='lat' dir='ltr'><strong>cum</strong></span> 
     </span>
    </p>

    <p class='ocr_par' dir='ltr' id='par_1_3' title="bbox 76 476 1425 708">
     <span class='ocr_line' id='line_1_5' title="bbox 77 476 1425 527; baseline 0.002 -14"><span class='ocrx_word' id='word_1_29' title='bbox 77 490 122 514; x_wconf 90' lang='lat' dir='ltr'><strong>eo</strong></span> <span class='ocrx_word' id='word_1_30' title='bbox 141 476 312 520; x_wconf 83' lang='lat' dir='ltr'><strong>disseras,</strong></span> <span class='ocrx_word' id='word_1_31' title='bbox 332 477 396 527; x_wconf 92' lang='lat' dir='ltr'><strong>qui</strong></span> <span class='ocrx_word' id='word_1_32' title='bbox 415 477 564 515; x_wconf 89' lang='lat' dir='ltr'><strong>omnino</strong></span> <span class='ocrx_word' id='word_1_33' title='bbox 583 477 773 515; x_wconf 89' lang='lat' dir='ltr'><strong>hominem</strong></span> <span class='ocrx_word' id='word_1_34' title='bbox 793 489 839 514; x_wconf 85' lang='lat' dir='ltr'><strong>ex</strong></span> <span class='ocrx_word' id='word_1_35' title='bbox 858 476 1006 513; x_wconf 85' lang='lat' dir='ltr'><strong>homine</strong></span> <span class='ocrx_word' id='word_1_36' title='bbox 1026 477 1165 513; x_wconf 75' lang='lat' dir='ltr'><strong>tollat?</strong></span> <span class='ocrx_word' id='word_1_37' title='bbox 1213 476 1279 513; x_wconf 84' lang='lat' dir='ltr'><strong>Sin</strong></span> <span class='ocrx_word' id='word_1_38' title='bbox 1298 478 1355 513; x_wconf 82' lang='lat' dir='ltr'><strong>fu-</strong></span> <span class='ocrx_word' id='word_1_39' title='bbox 1379 483 1425 516; x_wconf 87' lang='lat'><strong>15</strong></span> 
     </span>
     <span class='ocr_line' id='line_1_6' title="bbox 77 536 1356 588; baseline -0.001 -14"><span class='ocrx_word' id='word_1_40' title='bbox 77 537 256 588; x_wconf 88' lang='lat' dir='ltr'><strong>giendum</strong></span> <span class='ocrx_word' id='word_1_41' title='bbox 289 537 328 574; x_wconf 92' lang='lat' dir='ltr'><strong>id</strong></span> <span class='ocrx_word' id='word_1_42' title='bbox 359 537 512 587; x_wconf 90' lang='lat' dir='ltr'><strong>quidem</strong></span> <span class='ocrx_word' id='word_1_43' title='bbox 543 542 680 581; x_wconf 86' lang='lat' dir='ltr'><strong>censet,</strong></span> <span class='ocrx_word' id='word_1_44' title='bbox 701 537 769 574; x_wconf 90' lang='lat' dir='ltr'><strong>sed</strong></span> <span class='ocrx_word' id='word_1_45' title='bbox 795 537 917 574; x_wconf 90' lang='lat' dir='ltr'><strong>multo</strong></span> <span class='ocrx_word' id='word_1_46' title='bbox 935 536 998 573; x_wconf 84' lang='lat' dir='ltr'><strong>illa</strong></span> <span class='ocrx_word' id='word_1_47' title='bbox 1018 536 1160 587; x_wconf 85' lang='lat' dir='ltr'><strong>pejora,</strong></span> <span class='ocrx_word' id='word_1_48' title='bbox 1181 542 1356 580; x_wconf 90' lang='lat' dir='ltr'><strong>mortem,</strong></span> 
     </span>
     <span class='ocr_line' id='line_1_7' title="bbox 77 596 1358 648; baseline 0 -14"><span class='ocrx_word' id='word_1_49' title='bbox 77 602 353 648; x_wconf 81' lang='lat' dir='ltr'>paupertatem,</span> <span class='ocrx_word' id='word_1_50' title='bbox 375 597 566 641; x_wconf 91' lang='lat' dir='ltr'><strong>dolorem;</strong></span> <span class='ocrx_word' id='word_1_51' title='bbox 595 601 694 634; x_wconf 85' lang='lat' dir='ltr'><strong>errat</strong></span> <span class='ocrx_word' id='word_1_52' title='bbox 712 597 749 633; x_wconf 92' lang='lat' dir='ltr'><strong>in</strong></span> <span class='ocrx_word' id='word_1_53' title='bbox 769 610 825 641; x_wconf 88' lang='lat' dir='ltr'><strong>eo,</strong></span> <span class='ocrx_word' id='word_1_54' title='bbox 846 596 949 647; x_wconf 91' lang='lat' dir='ltr'><strong>quod</strong></span> <span class='ocrx_word' id='word_1_55' title='bbox 969 596 1087 633; x_wconf 92' lang='lat' dir='ltr'><strong>ullum</strong></span> <span class='ocrx_word' id='word_1_56' title='bbox 1107 601 1172 633; x_wconf 83' lang='lat' dir='ltr'><strong>aut</strong></span> <span class='ocrx_word' id='word_1_57' title='bbox 1192 597 1358 647; x_wconf 88' lang='lat' dir='ltr'><strong>corporis</strong></span> 
     </span>
     <span class='ocr_line' id='line_1_8' title="bbox 76 656 1106 708; baseline -0.001 -14"><span class='ocrx_word' id='word_1_58' title='bbox 76 662 143 694; x_wconf 87' lang='lat' dir='ltr'><strong>aut</strong></span> <span class='ocrx_word' id='word_1_59' title='bbox 160 657 322 696; x_wconf 81' lang='lat' dir='ltr'><strong>fortunae</strong></span> <span class='ocrx_word' id='word_1_60' title='bbox 341 657 472 695; x_wconf 88' lang='lat' dir='ltr'><strong>vitium</strong></span> <span class='ocrx_word' id='word_1_61' title='bbox 490 657 585 696; x_wconf 87' lang='lat' dir='ltr'><strong>vitiis</strong></span> <span class='ocrx_word' id='word_1_62' title='bbox 605 657 715 694; x_wconf 87' lang='lat' dir='ltr'><strong>animi</strong></span> <span class='ocrx_word' id='word_1_63' title='bbox 734 657 886 708; x_wconf 86' lang='lat' dir='ltr'><strong>gravius</strong></span> <span class='ocrx_word' id='word_1_64' title='bbox 905 656 1106 694; x_wconf 88' lang='lat' dir='ltr'><strong>existimat.</strong></span> 
     </span>
    </p>
   </div>
   <div class='ocr_carea' id='block_1_3' title="bbox 75 776 1403 2506">
    <p class='ocr_par' dir='ltr' id='par_1_4' title="bbox 75 776 1403 2506">
     <span class='ocr_line' id='line_1_9' title="bbox 129 776 1359 830; baseline -0.001 -14"><span class='ocrx_word' id='word_1_65' title='bbox 129 778 199 816; x_wconf 87' lang='lat' dir='ltr'><strong>VI.</strong></span> <span class='ocrx_word' id='word_1_66' title='bbox 219 778 322 830; x_wconf 85' lang='lat' dir='ltr'><strong>Ergo</strong></span> <span class='ocrx_word' id='word_1_67' title='bbox 336 791 453 816; x_wconf 91' lang='lat' dir='ltr'><strong>unum</strong></span> <span class='ocrx_word' id='word_1_68' title='bbox 467 778 581 815; x_wconf 89' lang='lat' dir='ltr'><strong>debet</strong></span> <span class='ocrx_word' id='word_1_69' title='bbox 596 790 677 815; x_wconf 90' lang='lat' dir='ltr'><strong>esse</strong></span> <span class='ocrx_word' id='word_1_70' title='bbox 692 777 862 815; x_wconf 91' lang='lat' dir='ltr'><strong>omnibus</strong></span> <span class='ocrx_word' id='word_1_71' title='bbox 878 777 1123 828; x_wconf 80' lang='lat' dir='ltr'><strong>propositum,</strong></span> <span class='ocrx_word' id='word_1_72' title='bbox 1136 781 1179 814; x_wconf 90' lang='lat' dir='ltr'><strong>ut</strong></span> <span class='ocrx_word' id='word_1_73' title='bbox 1194 790 1213 815; x_wconf 88' lang='lat' dir='ltr'><strong>e</strong></span> <span class='ocrx_word' id='word_1_74' title='bbox 1223 789 1245 813; x_wconf 91' lang='lat' dir='ltr'><strong>a</strong></span> <span class='ocrx_word' id='word_1_75' title='bbox 1256 776 1280 814; x_wconf 94' lang='lat' dir='ltr'><strong>d</strong></span> <span class='ocrx_word' id='word_1_76' title='bbox 1290 789 1359 815; x_wconf 88' lang='lat' dir='ltr'><strong>em</strong></span> 
     </span>
     <span class='ocr_line' id='line_1_10' title="bbox 76 837 1357 889; baseline -0.002 -13"><span class='ocrx_word' id='word_1_77' title='bbox 76 838 140 876; x_wconf 88' lang='lat' dir='ltr'><strong>sit</strong></span> <span class='ocrx_word' id='word_1_78' title='bbox 163 838 353 876; x_wconf 86' lang='lat' dir='ltr'><strong>utilitas</strong></span> <span class='ocrx_word' id='word_1_79' title='bbox 377 838 760 889; x_wconf 87' lang='lat' dir='ltr'><strong>uniuscujusque</strong></span> <span class='ocrx_word' id='word_1_80' title='bbox 782 842 826 875; x_wconf 85' lang='lat' dir='ltr'><strong>et</strong></span> <span class='ocrx_word' id='word_1_81' title='bbox 854 837 1207 874; x_wconf 87' lang='lat' dir='ltr'><strong>universorum:</strong></span> <span class='ocrx_word' id='word_1_82' title='bbox 1243 849 1357 887; x_wconf 85' lang='lat' dir='ltr'><strong>quam</strong></span> 
     </span>
     <span class='ocr_line' id='line_1_11' title="bbox 76 897 1356 949; baseline -0.002 -13"><span class='ocrx_word' id='word_1_83' title='bbox 76 898 107 936; x_wconf 89' lang='lat' dir='ltr'><strong>si</strong></span> <span class='ocrx_word' id='word_1_84' title='bbox 125 898 174 936; x_wconf 88' lang='lat' dir='ltr'><strong>ad</strong></span> <span class='ocrx_word' id='word_1_85' title='bbox 193 911 233 936; x_wconf 86' lang='lat' dir='ltr'><strong>se</strong></span> <span class='ocrx_word' id='word_1_86' title='bbox 252 899 408 949; x_wconf 89' lang='lat' dir='ltr'><strong>quisque</strong></span> <span class='ocrx_word' id='word_1_87' title='bbox 427 898 558 949; x_wconf 78' lang='lat' dir='ltr'><strong>rapiet,</strong></span> <span class='ocrx_word' id='word_1_88' title='bbox 580 898 805 935; x_wconf 86' lang='lat' dir='ltr'><strong>dissolvetur</strong></span> <span class='ocrx_word' id='word_1_89' title='bbox 832 897 950 934; x_wconf 89' lang='lat' dir='ltr'><strong>omnis</strong></span> <span class='ocrx_word' id='word_1_90' title='bbox 977 898 1142 934; x_wconf 82' lang='lat' dir='ltr'><strong>humana</strong></span> <span class='ocrx_word' id='word_1_91' title='bbox 1161 897 1356 934; x_wconf 89' lang='lat' dir='ltr'><strong>consortio.</strong></span> 
     </span>
     <span class='ocr_line' id='line_1_12' title="bbox 76 956 1400 1009; baseline -0.001 -13"><span class='ocrx_word' id='word_1_92' title='bbox 76 959 206 1009; x_wconf 83' lang='lat' dir='ltr'><strong>Atque</strong></span> <span class='ocrx_word' id='word_1_93' title='bbox 225 959 349 1003; x_wconf 86' lang='lat' dir='ltr'><strong>etiam,</strong></span> <span class='ocrx_word' id='word_1_94' title='bbox 370 959 401 996; x_wconf 88' lang='lat' dir='ltr'><strong>si</strong></span> <span class='ocrx_word' id='word_1_95' title='bbox 419 959 491 995; x_wconf 90' lang='lat' dir='ltr'><strong>hoc</strong></span> <span class='ocrx_word' id='word_1_96' title='bbox 510 962 645 995; x_wconf 85' lang='lat' dir='ltr'><strong>natura</strong></span> <span class='ocrx_word' id='word_1_97' title='bbox 671 957 890 1008; x_wconf 74' lang='lat' dir='ltr'><strong>praescribit,</strong></span> <span class='ocrx_word' id='word_1_98' title='bbox 911 962 956 994; x_wconf 89' lang='lat' dir='ltr'><strong>ut</strong></span> <span class='ocrx_word' id='word_1_99' title='bbox 973 957 1087 994; x_wconf 87' lang='lat' dir='ltr'><strong>homo</strong></span> <span class='ocrx_word' id='word_1_100' title='bbox 1106 956 1256 1001; x_wconf 90' lang='lat' dir='ltr'><strong>homini,</strong></span> <span class='ocrx_word' id='word_1_101' title='bbox 1278 956 1356 1007; x_wconf 89' lang='lat' dir='ltr'><strong>qui·</strong></span> <span class='ocrx_word' id='word_1_102' title='bbox 1378 961 1400 995; x_wconf 83' lang='lat'>2</span> 
     </span>
     <span class='ocr_line' id='line_1_13' title="bbox 77 1016 1357 1068; baseline -0.002 -12"><span class='ocrx_word' id='word_1_103' title='bbox 77 1031 224 1068; x_wconf 89' lang='lat' dir='ltr'><strong>cunque</strong></span> <span class='ocrx_word' id='word_1_104' title='bbox 244 1018 301 1062; x_wconf 89' lang='lat' dir='ltr'><strong>sit,</strong></span> <span class='ocrx_word' id='word_1_105' title='bbox 323 1019 371 1056; x_wconf 92' lang='lat' dir='ltr'><strong>ob</strong></span> <span class='ocrx_word' id='word_1_106' title='bbox 390 1031 473 1056; x_wconf 88' lang='lat' dir='ltr'><strong>eam</strong></span> <span class='ocrx_word' id='word_1_107' title='bbox 501 1018 621 1068; x_wconf 80' lang='lat' dir='ltr'><strong>ipsam</strong></span> <span class='ocrx_word' id='word_1_108' title='bbox 641 1030 805 1061; x_wconf 83' lang='lat' dir='ltr'><strong>causam,</strong></span> <span class='ocrx_word' id='word_1_109' title='bbox 826 1017 929 1067; x_wconf 91' lang='lat' dir='ltr'><strong>quod</strong></span> <span class='ocrx_word' id='word_1_110' title='bbox 948 1017 977 1054; x_wconf 87' lang='lat' dir='ltr'><strong>is</strong></span> <span class='ocrx_word' id='word_1_111' title='bbox 997 1017 1110 1053; x_wconf 92' lang='lat' dir='ltr'><strong>homo</strong></span> <span class='ocrx_word' id='word_1_112' title='bbox 1131 1017 1189 1061; x_wconf 84' lang='lat' dir='ltr'><strong>sit,</strong></span> <span class='ocrx_word' id='word_1_113' title='bbox 1210 1016 1357 1054; x_wconf 90' lang='lat' dir='ltr'><strong>consul-</strong></span> 
     </span>
     <span class='ocr_line' id='line_1_14' title="bbox 76 1077 1359 1122; baseline -0.002 -7"><span class='ocrx_word' id='word_1_114' title='bbox 76 1083 158 1115; x_wconf 87' lang='lat' dir='ltr'><strong>tum</strong></span> <span class='ocrx_word' id='word_1_115' title='bbox 178 1078 278 1122; x_wconf 90' lang='lat' dir='ltr'><strong>velit,</strong></span> <span class='ocrx_word' id='word_1_116' title='bbox 298 1091 451 1116; x_wconf 86' lang='lat' dir='ltr'><strong>necesse</strong></span> <span class='ocrx_word' id='word_1_117' title='bbox 479 1083 536 1115; x_wconf 88' lang='lat' dir='ltr'><strong>est</strong></span> <span class='ocrx_word' id='word_1_118' title='bbox 565 1077 772 1116; x_wconf 87' lang='lat' dir='ltr'><strong>secundum</strong></span> <span class='ocrx_word' id='word_1_119' title='bbox 802 1077 961 1114; x_wconf 85' lang='lat' dir='ltr'><strong>eandem</strong></span> <span class='ocrx_word' id='word_1_120' title='bbox 990 1082 1164 1114; x_wconf 83' lang='lat' dir='ltr'><strong>naturam</strong></span> <span class='ocrx_word' id='word_1_121' title='bbox 1192 1077 1359 1114; x_wconf 89' lang='lat' dir='ltr'><strong>omnium</strong></span> 
     </span>
     <span class='ocr_line' id='line_1_15' title="bbox 76 1137 1400 1182; baseline -0.001 -7"><span class='ocrx_word' id='word_1_122' title='bbox 76 1138 274 1176; x_wconf 81' lang='lat' dir='ltr'><strong>utilitatem</strong></span> <span class='ocrx_word' id='word_1_123' title='bbox 293 1151 375 1175; x_wconf 86' lang='lat' dir='ltr'><strong>csse</strong></span> <span class='ocrx_word' id='word_1_124' title='bbox 396 1150 643 1175; x_wconf 86' lang='lat' dir='ltr'><strong>communem.</strong></span> <span class='ocrx_word' id='word_1_125' title='bbox 693 1137 804 1182; x_wconf 82' lang='lat' dir='ltr'><strong>Quod</strong></span> <span class='ocrx_word' id='word_1_126' title='bbox 826 1137 856 1174; x_wconf 89' lang='lat' dir='ltr'><strong>si</strong></span> <span class='ocrx_word' id='word_1_127' title='bbox 875 1137 927 1173; x_wconf 91' lang='lat' dir='ltr'><strong>ita</strong></span> <span class='ocrx_word' id='word_1_128' title='bbox 946 1142 1014 1179; x_wconf 88' lang='lat' dir='ltr'><strong>est,</strong></span> <span class='ocrx_word' id='word_1_129' title='bbox 1031 1149 1106 1173; x_wconf 86' lang='lat' dir='ltr'><strong>una</strong></span> <span class='ocrx_word' id='word_1_130' title='bbox 1126 1137 1359 1174; x_wconf 81' lang='lat' dir='ltr'><strong>continemur</strong></span> <span class='ocrx_word' id='word_1_131' title='bbox 1379 1141 1400 1174; x_wconf 91' lang='lat'><strong>3</strong></span> 
     </span>
     <span class='ocr_line' id='line_1_16' title="bbox 76 1196 1359 1248; baseline -0.002 -13"><span class='ocrx_word' id='word_1_132' title='bbox 76 1210 205 1236; x_wconf 89' lang='lat' dir='ltr'><strong>omnes</strong></span> <span class='ocrx_word' id='word_1_133' title='bbox 225 1202 264 1236; x_wconf 90' lang='lat' dir='ltr'><strong>et</strong></span> <span class='ocrx_word' id='word_1_134' title='bbox 286 1197 420 1235; x_wconf 87' lang='lat' dir='ltr'><strong>eadem</strong></span> <span class='ocrx_word' id='word_1_135' title='bbox 448 1197 532 1248; x_wconf 87' lang='lat' dir='ltr'><strong>lege</strong></span> <span class='ocrx_word' id='word_1_136' title='bbox 561 1202 731 1234; x_wconf 81' lang='lat' dir='ltr'><strong>naturae:</strong></span> <span class='ocrx_word' id='word_1_137' title='bbox 760 1196 874 1246; x_wconf 90' lang='lat' dir='ltr'><strong>idque</strong></span> <span class='ocrx_word' id='word_1_138' title='bbox 905 1197 1027 1247; x_wconf 90' lang='lat' dir='ltr'><strong>ipsum</strong></span> <span class='ocrx_word' id='word_1_139' title='bbox 1049 1196 1079 1233; x_wconf 89' lang='lat' dir='ltr'><strong>si</strong></span> <span class='ocrx_word' id='word_1_140' title='bbox 1097 1196 1148 1233; x_wconf 88' lang='lat' dir='ltr'><strong>ita</strong></span> <span class='ocrx_word' id='word_1_141' title='bbox 1168 1201 1236 1240; x_wconf 90' lang='lat' dir='ltr'><strong>est,</strong></span> <span class='ocrx_word' id='word_1_142' title='bbox 1258 1201 1359 1234; x_wconf 86' lang='lat' dir='ltr'><strong>certe</strong></span> 
     </span>
     <span class='ocr_line' id='line_1_17' title="bbox 75 1251 1359 1308; baseline -0.002 -13"><span class='ocrx_word' id='word_1_143' title='bbox 75 1258 212 1295; x_wconf 88' lang='lat' dir='ltr'><strong>violare</strong></span> <span class='ocrx_word' id='word_1_144' title='bbox 231 1258 392 1296; x_wconf 84' lang='lat' dir='ltr'><strong>alterum</strong></span> <span class='ocrx_word' id='word_1_145' title='bbox 411 1251 555 1295; x_wconf 70' lang='lat' dir='ltr'><strong>naturae</strong></span> <span class='ocrx_word' id='word_1_146' title='bbox 577 1257 660 1308; x_wconf 85' lang='lat' dir='ltr'><strong>lege</strong></span> <span class='ocrx_word' id='word_1_147' title='bbox 680 1256 934 1308; x_wconf 84' lang='lat' dir='ltr'><strong>prohibemur.</strong></span> <span class='ocrx_word' id='word_1_148' title='bbox 983 1256 1127 1293; x_wconf 89' lang='lat' dir='ltr'><strong>Verum</strong></span> <span class='ocrx_word' id='word_1_149' title='bbox 1143 1261 1269 1293; x_wconf 89' lang='lat' dir='ltr'><strong>autem</strong></span> <span class='ocrx_word' id='word_1_150' title='bbox 1285 1256 1359 1307; x_wconf 87' lang='lat' dir='ltr'><strong>pri-</strong></span> 
     </span>
     <span class='ocr_line' id='line_1_18' title="bbox 75 1316 1402 1370; baseline -0.002 -14"><span class='ocrx_word' id='word_1_151' title='bbox 75 1331 191 1362; x_wconf 89' lang='lat' dir='ltr'><strong>mum,</strong></span> <span class='ocrx_word' id='word_1_152' title='bbox 206 1331 336 1356; x_wconf 87' lang='lat' dir='ltr'><strong>verum</strong></span> <span class='ocrx_word' id='word_1_153' title='bbox 355 1318 471 1370; x_wconf 86' lang='lat' dir='ltr'><strong>igitur</strong></span> <span class='ocrx_word' id='word_1_154' title='bbox 485 1322 704 1355; x_wconf 84' lang='lat' dir='ltr'><strong>extremum.</strong></span> <span class='ocrx_word' id='word_1_155' title='bbox 748 1317 849 1354; x_wconf 88' lang='lat' dir='ltr'><strong>Nam</strong></span> <span class='ocrx_word' id='word_1_156' title='bbox 867 1316 961 1354; x_wconf 90' lang='lat' dir='ltr'><strong>illud</strong></span> <span class='ocrx_word' id='word_1_157' title='bbox 981 1316 1133 1366; x_wconf 89' lang='lat' dir='ltr'><strong>quidem</strong></span> <span class='ocrx_word' id='word_1_158' title='bbox 1152 1316 1359 1354; x_wconf 84' lang='lat' dir='ltr'><strong>absurdum</strong></span> <span class='ocrx_word' id='word_1_159' title='bbox 1379 1320 1402 1353; x_wconf 84' lang='lat'>4</span> 
     </span>
     <span class='ocr_line' id='line_1_19' title="bbox 75 1376 1360 1429; baseline -0.002 -13"><span class='ocrx_word' id='word_1_160' title='bbox 75 1383 144 1422; x_wconf 78' lang='lat' dir='ltr'><strong>est,</strong></span> <span class='ocrx_word' id='word_1_161' title='bbox 157 1378 260 1429; x_wconf 92' lang='lat' dir='ltr'><strong>quod</strong></span> <span class='ocrx_word' id='word_1_162' title='bbox 275 1378 429 1429; x_wconf 85' lang='lat' dir='ltr'><strong>quidam</strong></span> <span class='ocrx_word' id='word_1_163' title='bbox 449 1377 591 1422; x_wconf 88' lang='lat' dir='ltr'><strong>dicunt,</strong></span> <span class='ocrx_word' id='word_1_164' title='bbox 606 1377 751 1428; x_wconf 88' lang='lat' dir='ltr'><strong>parenti</strong></span> <span class='ocrx_word' id='word_1_165' title='bbox 766 1389 806 1414; x_wconf 89' lang='lat' dir='ltr'><strong>se</strong></span> <span class='ocrx_word' id='word_1_166' title='bbox 821 1381 887 1414; x_wconf 87' lang='lat' dir='ltr'><strong>aut</strong></span> <span class='ocrx_word' id='word_1_167' title='bbox 901 1376 1007 1413; x_wconf 87' lang='lat' dir='ltr'><strong>fratri</strong></span> <span class='ocrx_word' id='word_1_168' title='bbox 1021 1376 1111 1413; x_wconf 90' lang='lat' dir='ltr'><strong>nihil</strong></span> <span class='ocrx_word' id='word_1_169' title='bbox 1126 1376 1360 1414; x_wconf 84' lang='lat' dir='ltr'><strong>detracturos</strong></span> 
     </span>
     <span class='ocr_line' id='line_1_20' title="bbox 75 1436 1356 1486; baseline -0.001 -11"><span class='ocrx_word' id='word_1_170' title='bbox 75 1438 133 1476; x_wconf 89' lang='lat' dir='ltr'><strong>sui</strong></span> <span class='ocrx_word' id='word_1_171' title='bbox 151 1437 338 1476; x_wconf 90' lang='lat' dir='ltr'><strong>commodi</strong></span> <span class='ocrx_word' id='word_1_172' title='bbox 357 1450 492 1482; x_wconf 82' lang='lat' dir='ltr'><strong>causa3</strong></span> <span class='ocrx_word' id='word_1_173' title='bbox 520 1438 631 1475; x_wconf 84' lang='lat' dir='ltr'><strong>aliam</strong></span> <span class='ocrx_word' id='word_1_174' title='bbox 649 1437 832 1474; x_wconf 85' lang='lat' dir='ltr'><strong>rationem</strong></span> <span class='ocrx_word' id='word_1_175' title='bbox 851 1449 932 1473; x_wconf 83' lang='lat' dir='ltr'><strong>esse</strong></span> <span class='ocrx_word' id='word_1_176' title='bbox 956 1436 1091 1474; x_wconf 87' lang='lat' dir='ltr'><strong>civium</strong></span> <span class='ocrx_word' id='word_1_177' title='bbox 1118 1436 1356 1486; x_wconf 89' lang='lat' dir='ltr'><strong>reliquorum.</strong></span> 
     </span>
     <span class='ocr_line' id='line_1_21' title="bbox 76 1495 1402 1548; baseline -0.001 -13"><span class='ocrx_word' id='word_1_178' title='bbox 76 1497 128 1536; x_wconf 92' lang='lat' dir='ltr'><strong>Hi</strong></span> <span class='ocrx_word' id='word_1_179' title='bbox 159 1497 229 1535; x_wconf 88' lang='lat' dir='ltr'><strong>sibi</strong></span> <span class='ocrx_word' id='word_1_180' title='bbox 260 1498 351 1535; x_wconf 91' lang='lat' dir='ltr'><strong>nihil</strong></span> <span class='ocrx_word' id='word_1_181' title='bbox 385 1498 490 1548; x_wconf 84' lang='lat' dir='ltr'><strong>juris,</strong></span> <span class='ocrx_word' id='word_1_182' title='bbox 524 1497 668 1534; x_wconf 80' lang='lat' dir='ltr'><strong>nullam</strong></span> <span class='ocrx_word' id='word_1_183' title='bbox 701 1496 917 1534; x_wconf 84' lang='lat' dir='ltr'><strong>societatem</strong></span> <span class='ocrx_word' id='word_1_184' title='bbox 952 1496 1157 1533; x_wconf 91' lang='lat' dir='ltr'><strong>communis</strong></span> <span class='ocrx_word' id='word_1_185' title='bbox 1193 1495 1360 1533; x_wconf 82' lang='lat' dir='ltr'><strong>utilitatis</strong></span> <span class='ocrx_word' id='word_1_186' title='bbox 1380 1501 1402 1534; x_wconf 90' lang='lat'><strong><em>5</em></strong></span> 
     </span>
     <span class='ocr_line' id='line_1_22' title="bbox 76 1555 1360 1605; baseline -0.003 -10"><span class='ocrx_word' id='word_1_187' title='bbox 76 1570 191 1596; x_wconf 85' lang='lat' dir='ltr'><strong>causa</strong></span> <span class='ocrx_word' id='word_1_188' title='bbox 209 1562 380 1595; x_wconf 85' lang='lat' dir='ltr'><strong>statuunt</strong></span> <span class='ocrx_word' id='word_1_189' title='bbox 399 1569 480 1595; x_wconf 89' lang='lat' dir='ltr'><strong>esse</strong></span> <span class='ocrx_word' id='word_1_190' title='bbox 509 1570 596 1594; x_wconf 91' lang='lat' dir='ltr'><strong>cum</strong></span> <span class='ocrx_word' id='word_1_191' title='bbox 625 1557 789 1600; x_wconf 68' lang='lat' dir='ltr'><strong>civibusg</strong></span> <span class='ocrx_word' id='word_1_192' title='bbox 820 1569 906 1605; x_wconf 84' lang='lat' dir='ltr'><strong>quae</strong></span> <span class='ocrx_word' id='word_1_193' title='bbox 931 1555 1114 1592; x_wconf 81' lang='lat' dir='ltr'><strong>sententia</strong></span> <span class='ocrx_word' id='word_1_194' title='bbox 1133 1568 1282 1592; x_wconf 89' lang='lat' dir='ltr'><strong>omnem</strong></span> <span class='ocrx_word' id='word_1_195' title='bbox 1302 1568 1360 1592; x_wconf 88' lang='lat' dir='ltr'><strong>so-</strong></span> 
     </span>
     <span class='ocr_line' id='line_1_23' title="bbox 77 1615 1402 1665; baseline -0.002 -10"><span class='ocrx_word' id='word_1_196' title='bbox 77 1618 250 1655; x_wconf 84' lang='lat' dir='ltr'><strong>cietatem</strong></span> <span class='ocrx_word' id='word_1_197' title='bbox 281 1617 453 1655; x_wconf 86' lang='lat' dir='ltr'><strong>distrahit</strong></span> <span class='ocrx_word' id='word_1_198' title='bbox 483 1616 651 1654; x_wconf 84' lang='lat' dir='ltr'><strong>civitatis.</strong></span> <span class='ocrx_word' id='word_1_199' title='bbox 709 1616 781 1665; x_wconf 80' lang='lat' dir='ltr'><strong>Qui</strong></span> <span class='ocrx_word' id='word_1_200' title='bbox 801 1620 928 1655; x_wconf 86' lang='lat' dir='ltr'><strong>autem</strong></span> <span class='ocrx_word' id='word_1_201' title='bbox 948 1615 1082 1653; x_wconf 86' lang='lat' dir='ltr'><strong>civium</strong></span> <span class='ocrx_word' id='word_1_202' title='bbox 1101 1615 1285 1652; x_wconf 89' lang='lat' dir='ltr'><strong>rationem</strong></span> <span class='ocrx_word' id='word_1_203' title='bbox 1305 1615 1358 1652; x_wconf 89' lang='lat' dir='ltr'><strong>di·</strong></span> <span class='ocrx_word' id='word_1_204' title='bbox 1380 1620 1402 1653; x_wconf 90' lang='lat'>6</span> 
     </span>
     <span class='ocr_line' id='line_1_24' title="bbox 77 1675 1361 1727; baseline -0.003 -12"><span class='ocrx_word' id='word_1_205' title='bbox 77 1683 167 1715; x_wconf 91' lang='lat' dir='ltr'><strong>cunt</strong></span> <span class='ocrx_word' id='word_1_206' title='bbox 195 1677 420 1721; x_wconf 77' lang='lat' dir='ltr'><strong>habendam,</strong></span> <span class='ocrx_word' id='word_1_207' title='bbox 441 1681 681 1714; x_wconf 85' lang='lat' dir='ltr'><strong>externorum</strong></span> <span class='ocrx_word' id='word_1_208' title='bbox 710 1681 861 1727; x_wconf 82' lang='lat' dir='ltr'><strong>negant,</strong></span> <span class='ocrx_word' id='word_1_209' title='bbox 883 1675 906 1713; x_wconf 91' lang='lat' dir='ltr'><strong>ii</strong></span> <span class='ocrx_word' id='word_1_210' title='bbox 925 1675 1103 1715; x_wconf 87' lang='lat' dir='ltr'><strong>dirimunt</strong></span> <span class='ocrx_word' id='word_1_211' title='bbox 1123 1687 1361 1712; x_wconf 87' lang='lat' dir='ltr'><strong>communem</strong></span> 
     </span>
     <span class='ocr_line' id='line_1_25' title="bbox 76 1734 1359 1796; baseline -0.003 -21"><span class='ocrx_word' id='word_1_212' title='bbox 76 1737 230 1775; x_wconf 81' lang='lat' dir='ltr'><strong>humani</strong></span> <span class='ocrx_word' id='word_1_213' title='bbox 247 1737 392 1789; x_wconf 87' lang='lat' dir='ltr'><strong>generis</strong></span> <span class='ocrx_word' id='word_1_214' title='bbox 412 1737 648 1796; x_wconf 69' lang='lat' dir='ltr'><strong>spcietatem;</strong></span> <span class='ocrx_word' id='word_1_215' title='bbox 677 1749 752 1786; x_wconf 86' lang='lat' dir='ltr'><strong>qua</strong></span> <span class='ocrx_word' id='word_1_216' title='bbox 770 1736 930 1779; x_wconf 76' lang='lat' dir='ltr'><strong>sublata,</strong></span> <span class='ocrx_word' id='word_1_217' title='bbox 951 1734 1206 1779; x_wconf 85' lang='lat' dir='ltr'><strong>beneficentia,</strong></span> <span class='ocrx_word' id='word_1_218' title='bbox 1227 1735 1359 1772; x_wconf 78' lang='lat' dir='ltr'><strong>libera-</strong></span> 
     </span>
     <span class='ocr_line' id='line_1_26' title="bbox 76 1794 1359 1848; baseline -0.003 -13"><span class='ocrx_word' id='word_1_219' title='bbox 76 1797 172 1842; x_wconf 85' lang='lat' dir='ltr'><strong>litas,</strong></span> <span class='ocrx_word' id='word_1_220' title='bbox 205 1797 362 1841; x_wconf 85' lang='lat' dir='ltr'><strong>bonitas,</strong></span> <span class='ocrx_word' id='word_1_221' title='bbox 394 1797 539 1848; x_wconf 87' lang='lat' dir='ltr'><strong>justitia</strong></span> <span class='ocrx_word' id='word_1_222' title='bbox 570 1796 741 1834; x_wconf 86' lang='lat' dir='ltr'><strong>funditus</strong></span> <span class='ocrx_word' id='word_1_223' title='bbox 773 1796 926 1833; x_wconf 88' lang='lat' dir='ltr'><strong>tollitur.</strong></span> <span class='ocrx_word' id='word_1_224' title='bbox 984 1795 1080 1840; x_wconf 82' lang='lat' dir='ltr'><strong>Quae</strong></span> <span class='ocrx_word' id='word_1_225' title='bbox 1112 1795 1176 1845; x_wconf 87' lang='lat' dir='ltr'><strong>qui</strong></span> <span class='ocrx_word' id='word_1_226' title='bbox 1212 1794 1359 1839; x_wconf 87' lang='lat' dir='ltr'><strong>tollunt,</strong></span> 
     </span>
     <span class='ocr_line' id='line_1_27' title="bbox 76 1854 1402 1906; baseline -0.003 -11"><span class='ocrx_word' id='word_1_227' title='bbox 76 1857 188 1895; x_wconf 87' lang='lat' dir='ltr'><strong>etiam</strong></span> <span class='ocrx_word' id='word_1_228' title='bbox 203 1857 384 1895; x_wconf 83' lang='lat' dir='ltr'><strong>adversus</strong></span> <span class='ocrx_word' id='word_1_229' title='bbox 403 1857 494 1894; x_wconf 88' lang='lat' dir='ltr'><strong>deos</strong></span> <span class='ocrx_word' id='word_1_230' title='bbox 514 1856 742 1895; x_wconf 85' lang='lat' dir='ltr'><strong>immortales</strong></span> <span class='ocrx_word' id='word_1_231' title='bbox 762 1855 863 1906; x_wconf 91' lang='lat' dir='ltr'><strong>impii</strong></span> <span class='ocrx_word' id='word_1_232' title='bbox 879 1855 1074 1906; x_wconf 86' lang='lat' dir='ltr'><strong>judicandi</strong></span> <span class='ocrx_word' id='word_1_233' title='bbox 1094 1859 1191 1892; x_wconf 91' lang='lat' dir='ltr'><strong>sunt.</strong></span> <span class='ocrx_word' id='word_1_234' title='bbox 1232 1854 1297 1892; x_wconf 92' lang='lat' dir='ltr'><strong>Ab</strong></span> <span class='ocrx_word' id='word_1_235' title='bbox 1318 1855 1360 1892; x_wconf 89' lang='lat' dir='ltr'><strong>iis</strong></span> <span class='ocrx_word' id='word_1_236' title='bbox 1382 1855 1402 1892; x_wconf 81' lang='lat'>7</span> 
     </span>
     <span class='ocr_line' id='line_1_28' title="bbox 75 1915 1361 1965; baseline -0.003 -10"><span class='ocrx_word' id='word_1_237' title='bbox 75 1915 435 1956; x_wconf 75' lang='lat' dir='ltr'><strong>eninfconstitutam</strong></span> <span class='ocrx_word' id='word_1_238' title='bbox 453 1917 549 1954; x_wconf 84' lang='lat' dir='ltr'><strong>inter</strong></span> <span class='ocrx_word' id='word_1_239' title='bbox 575 1916 745 1954; x_wconf 82' lang='lat' dir='ltr'><strong>homines</strong></span> <span class='ocrx_word' id='word_1_240' title='bbox 776 1916 994 1957; x_wconf 87' lang='lat' dir='ltr'><strong>societatem</strong></span> <span class='ocrx_word' id='word_1_241' title='bbox 1025 1920 1221 1952; x_wconf 86' lang='lat' dir='ltr'><strong>evertunt:</strong></span> <span class='ocrx_word' id='word_1_242' title='bbox 1253 1915 1361 1965; x_wconf 85' lang='lat' dir='ltr'><strong>cujus</strong></span> 
     </span>
     <span class='ocr_line' id='line_1_29' title="bbox 76 1975 1360 2027; baseline -0.002 -12"><span class='ocrx_word' id='word_1_243' title='bbox 76 1977 263 2015; x_wconf 77' lang='lat' dir='ltr'><strong>societatis</strong></span> <span class='ocrx_word' id='word_1_244' title='bbox 281 1977 508 2015; x_wconf 86' lang='lat' dir='ltr'><strong>artissimum</strong></span> <span class='ocrx_word' id='word_1_245' title='bbox 526 1977 716 2014; x_wconf 83' lang='lat' dir='ltr'><strong>vinculum</strong></span> <span class='ocrx_word' id='word_1_246' title='bbox 736 1980 805 2020; x_wconf 86' lang='lat' dir='ltr'><strong>est,</strong></span> <span class='ocrx_word' id='word_1_247' title='bbox 826 1975 946 2027; x_wconf 82' lang='lat' dir='ltr'><strong>magis</strong></span> <span class='ocrx_word' id='word_1_248' title='bbox 974 1975 1145 2014; x_wconf 86' lang='lat' dir='ltr'><strong>arbitrari</strong></span> <span class='ocrx_word' id='word_1_249' title='bbox 1173 1988 1254 2012; x_wconf 87' lang='lat' dir='ltr'><strong>esse</strong></span> <span class='ocrx_word' id='word_1_250' title='bbox 1275 1988 1360 2012; x_wconf 88' lang='lat' dir='ltr'><strong>con-</strong></span> 
     </span>
     <span class='ocr_line' id='line_1_30' title="bbox 76 2035 1359 2081; baseline -0.002 -7"><span class='ocrx_word' id='word_1_251' title='bbox 76 2042 136 2075; x_wconf 85' lang='lat' dir='ltr'><strong>tra</strong></span> <span class='ocrx_word' id='word_1_252' title='bbox 152 2042 338 2081; x_wconf 87' lang='lat' dir='ltr'><strong>naturam,</strong></span> <span class='ocrx_word' id='word_1_253' title='bbox 357 2037 546 2075; x_wconf 85' lang='lat' dir='ltr'><strong>hominem</strong></span> <span class='ocrx_word' id='word_1_254' title='bbox 564 2036 704 2074; x_wconf 91' lang='lat' dir='ltr'><strong>homini</strong></span> <span class='ocrx_word' id='word_1_255' title='bbox 732 2036 929 2074; x_wconf 84' lang='lat' dir='ltr'><strong>detrahere</strong></span> <span class='ocrx_word' id='word_1_256' title='bbox 950 2035 1006 2072; x_wconf 88' lang='lat' dir='ltr'><strong>sui</strong></span> <span class='ocrx_word' id='word_1_257' title='bbox 1027 2035 1214 2074; x_wconf 82' lang='lat' dir='ltr'><strong>commodi</strong></span> <span class='ocrx_word' id='word_1_258' title='bbox 1235 2047 1359 2079; x_wconf 81' lang='lat' dir='ltr'><strong>causa,</strong></span> 
     </span>
     <span class='ocr_line' id='line_1_31' title="bbox 77 2095 1360 2148; baseline -0.002 -14"><span class='ocrx_word' id='word_1_259' title='bbox 77 2109 190 2148; x_wconf 87' lang='lat' dir='ltr'><strong>quam</strong></span> <span class='ocrx_word' id='word_1_260' title='bbox 211 2097 334 2135; x_wconf 89' lang='lat' dir='ltr'><strong>omnia</strong></span> <span class='ocrx_word' id='word_1_261' title='bbox 350 2096 588 2135; x_wconf 84' lang='lat' dir='ltr'><strong>incommoda</strong></span> <span class='ocrx_word' id='word_1_262' title='bbox 616 2096 740 2134; x_wconf 87' lang='lat' dir='ltr'><strong>subire</strong></span> <span class='ocrx_word' id='word_1_263' title='bbox 760 2096 819 2133; x_wconf 90' lang='lat' dir='ltr'><strong>vel</strong></span> <span class='ocrx_word' id='word_1_264' title='bbox 839 2100 1003 2139; x_wconf 80' lang='lat' dir='ltr'><strong>externa,</strong></span> <span class='ocrx_word' id='word_1_265' title='bbox 1024 2095 1082 2133; x_wconf 84' lang='lat' dir='ltr'><strong>vel</strong></span> <span class='ocrx_word' id='word_1_266' title='bbox 1103 2095 1285 2146; x_wconf 76' lang='lat' dir='ltr'><strong>corporis,¹</strong></span> <span class='ocrx_word' id='word_1_267' title='bbox 1300 2095 1360 2132; x_wconf 85' lang='lat' dir='ltr'><strong>vel</strong></span> 
     </span>
     <span class='ocr_line' id='line_1_32' title="bbox 78 2155 1403 2207; baseline -0.001 -13"><span class='ocrx_word' id='word_1_268' title='bbox 78 2157 190 2194; x_wconf 85' lang='lat' dir='ltr'><strong>etiam</strong></span> <span class='ocrx_word' id='word_1_269' title='bbox 216 2156 333 2207; x_wconf 87' lang='lat' dir='ltr'><strong>ipsius</strong></span> <span class='ocrx_word' id='word_1_270' title='bbox 362 2157 484 2201; x_wconf 85' lang='lat' dir='ltr'><strong>animi,</strong></span> <span class='ocrx_word' id='word_1_271' title='bbox 512 2170 598 2207; x_wconf 79' lang='lat' dir='ltr'><strong>quae</strong></span> <span class='ocrx_word' id='word_1_272' title='bbox 628 2162 763 2194; x_wconf 83' lang='lat' dir='ltr'><strong>vacent</strong></span> <span class='ocrx_word' id='word_1_273' title='bbox 790 2156 980 2207; x_wconf 88' lang='lat' dir='ltr'><strong>injustitia.</strong></span> <span class='ocrx_word' id='word_1_274' title='bbox 1037 2155 1132 2193; x_wconf 84' lang='lat' dir='ltr'><strong>Haec</strong></span> <span class='ocrx_word' id='word_1_275' title='bbox 1160 2155 1257 2193; x_wconf 85' lang='lat' dir='ltr'><strong>enim</strong></span> <span class='ocrx_word' id='word_1_276' title='bbox 1286 2167 1361 2191; x_wconf 88' lang='lat' dir='ltr'><strong>una</strong></span> <span class='ocrx_word' id='word_1_277' title='bbox 1381 2159 1403 2193; x_wconf 82' lang='lat'><em>8</em></span> 
     </span>
     <span class='ocr_line' id='line_1_33' title="bbox 79 2215 1359 2268; baseline -0.001 -15"><span class='ocrx_word' id='word_1_278' title='bbox 79 2217 195 2254; x_wconf 87' lang='lat' dir='ltr'><strong>virtus</strong></span> <span class='ocrx_word' id='word_1_279' title='bbox 214 2216 378 2254; x_wconf 88' lang='lat' dir='ltr'><strong>omnium</strong></span> <span class='ocrx_word' id='word_1_280' title='bbox 396 2221 454 2254; x_wconf 89' lang='lat' dir='ltr'><strong>est</strong></span> <span class='ocrx_word' id='word_1_281' title='bbox 472 2217 622 2254; x_wconf 87' lang='lat' dir='ltr'><strong>domina</strong></span> <span class='ocrx_word' id='word_1_282' title='bbox 637 2221 675 2255; x_wconf 81' lang='lat' dir='ltr'><strong>et</strong></span> <span class='ocrx_word' id='word_1_283' title='bbox 693 2217 821 2268; x_wconf 86' lang='lat' dir='ltr'><strong>regina</strong></span> <span class='ocrx_word' id='word_1_284' title='bbox 835 2216 1027 2254; x_wconf 82' lang='lat' dir='ltr'><strong>virtutum.</strong></span> <span class='ocrx_word' id='word_1_285' title='bbox 1070 2215 1242 2253; x_wconf 84' lang='lat' dir='ltr'><strong>Forsitan</strong></span> <span class='ocrx_word' id='word_1_286' title='bbox 1261 2215 1359 2264; x_wconf 91' lang='lat' dir='ltr'><strong>quis-</strong></span> 
     </span>
     <span class='ocr_line' id='line_1_34' title="bbox 79 2275 1359 2328; baseline -0.002 -16"><span class='ocrx_word' id='word_1_287' title='bbox 79 2276 179 2328; x_wconf 85' lang='lat' dir='ltr'><strong>piam</strong></span> <span class='ocrx_word' id='word_1_288' title='bbox 200 2275 351 2313; x_wconf 85' lang='lat' dir='ltr'><strong>dixerit:</strong></span> <span class='ocrx_word' id='word_1_289' title='bbox 381 2275 515 2314; x_wconf 90' lang='lat' dir='ltr'><strong>Nonne</strong></span> <span class='ocrx_word' id='word_1_290' title='bbox 533 2277 648 2328; x_wconf 87' lang='lat' dir='ltr'><strong>igitur</strong></span> <span class='ocrx_word' id='word_1_291' title='bbox 667 2277 824 2327; x_wconf 79' lang='lat' dir='ltr'><strong>sapiens,</strong></span> <span class='ocrx_word' id='word_1_292' title='bbox 846 2277 875 2313; x_wconf 91' lang='lat' dir='ltr'><strong>si</strong></span> <span class='ocrx_word' id='word_1_293' title='bbox 894 2276 994 2317; x_wconf 82' lang='lat' dir='ltr'><strong>fame</strong></span> <span class='ocrx_word' id='word_1_294' title='bbox 1021 2275 1101 2326; x_wconf 89' lang='lat' dir='ltr'><strong>ipse</strong></span> <span class='ocrx_word' id='word_1_295' title='bbox 1130 2275 1359 2317; x_wconf 85' lang='lat' dir='ltr'><strong>conficiatur,</strong></span> 
     </span>
     <span class='ocr_line' id='line_1_35' title="bbox 79 2333 1360 2381; baseline -0.004 -7"><span class='ocrx_word' id='word_1_296' title='bbox 79 2335 275 2374; x_wconf 84' lang='lat' dir='ltr'><strong>abstulerit</strong></span> <span class='ocrx_word' id='word_1_297' title='bbox 295 2335 419 2373; x_wconf 91' lang='lat' dir='ltr'><strong>cibum</strong></span> <span class='ocrx_word' id='word_1_298' title='bbox 438 2336 554 2381; x_wconf 87' lang='lat' dir='ltr'><strong>alteri,</strong></span> <span class='ocrx_word' id='word_1_299' title='bbox 568 2337 707 2374; x_wconf 87' lang='lat' dir='ltr'><strong>homini</strong></span> <span class='ocrx_word' id='word_1_300' title='bbox 726 2336 775 2374; x_wconf 85' lang='lat' dir='ltr'><strong>ad</strong></span> <span class='ocrx_word' id='word_1_301' title='bbox 794 2336 936 2374; x_wconf 86' lang='lat' dir='ltr'><strong>nullam</strong></span> <span class='ocrx_word' id='word_1_302' title='bbox 955 2348 1034 2373; x_wconf 83' lang='lat' dir='ltr'><strong>rem</strong></span> <span class='ocrx_word' id='word_1_303' title='bbox 1053 2335 1167 2372; x_wconf 78' lang='lat' dir='ltr'><strong>utili?</strong></span> <span class='ocrx_word' id='word_1_304' title='bbox 1210 2333 1360 2370; x_wconf 85' lang='lat' dir='ltr'><strong>Minime</strong></span> 
     </span>
     <span class='ocr_line' id='line_1_36' title="bbox 80 2393 1403 2445; baseline -0.004 -11"><span class='ocrx_word' id='word_1_305' title='bbox 80 2408 179 2434; x_wconf 86' lang='lat' dir='ltr'><strong>vero.</strong></span> <span class='ocrx_word' id='word_1_306' title='bbox 235 2395 323 2433; x_wconf 91' lang='lat' dir='ltr'><strong>Non</strong></span> <span class='ocrx_word' id='word_1_307' title='bbox 342 2395 439 2433; x_wconf 90' lang='lat' dir='ltr'><strong>enim</strong></span> <span class='ocrx_word' id='word_1_308' title='bbox 457 2396 548 2434; x_wconf 87' lang='lat' dir='ltr'><strong>mihi</strong></span> <span class='ocrx_word' id='word_1_309' title='bbox 566 2401 624 2434; x_wconf 90' lang='lat' dir='ltr'><strong>est</strong></span> <span class='ocrx_word' id='word_1_310' title='bbox 642 2397 719 2434; x_wconf 85' lang='lat' dir='ltr'><strong>vita</strong></span> <span class='ocrx_word' id='word_1_311' title='bbox 736 2409 821 2434; x_wconf 85' lang='lat' dir='ltr'><strong>mea</strong></span> <span class='ocrx_word' id='word_1_312' title='bbox 848 2396 982 2439; x_wconf 85' lang='lat' dir='ltr'><strong>utilior,</strong></span> <span class='ocrx_word' id='word_1_313' title='bbox 1004 2407 1116 2445; x_wconf 82' lang='lat' dir='ltr'><strong>quam</strong></span> <span class='ocrx_word' id='word_1_314' title='bbox 1145 2393 1256 2431; x_wconf 86' lang='lat' dir='ltr'><strong>animi</strong></span> <span class='ocrx_word' id='word_1_315' title='bbox 1276 2393 1360 2430; x_wconf 86' lang='lat' dir='ltr'><strong>talis</strong></span> <span class='ocrx_word' id='word_1_316' title='bbox 1381 2396 1403 2430; x_wconf 89' lang='grc'><strong>9</strong></span> 
     </span>
     <span class='ocr_line' id='line_1_37' title="bbox 80 2452 1359 2506; baseline -0.004 -12"><span class='ocrx_word' id='word_1_317' title='bbox 80 2455 240 2501; x_wconf 72' lang='lat' dir='ltr'><strong>affectio,</strong></span> <span class='ocrx_word' id='word_1_318' title='bbox 260 2455 445 2493; x_wconf 89' lang='lat' dir='ltr'><strong>neminem</strong></span> <span class='ocrx_word' id='word_1_319' title='bbox 462 2460 506 2493; x_wconf 89' lang='lat' dir='ltr'><strong>ut</strong></span> <span class='ocrx_word' id='word_1_320' title='bbox 525 2456 659 2494; x_wconf 86' lang='lat' dir='ltr'><strong>violem</strong></span> <span class='ocrx_word' id='word_1_321' title='bbox 688 2456 872 2494; x_wconf 85' lang='lat' dir='ltr'><strong>commodi</strong></span> <span class='ocrx_word' id='word_1_322' title='bbox 892 2455 963 2493; x_wconf 88' lang='lat' dir='ltr'><strong>mei</strong></span> <span class='ocrx_word' id='word_1_323' title='bbox 982 2455 1114 2506; x_wconf 82' lang='lat' dir='ltr'><strong>gratia.</strong></span> <span class='ocrx_word' id='word_1_324' title='bbox 1171 2453 1300 2498; x_wconf 75' lang='lat' dir='ltr'><strong>Quid?</strong></span> <span class='ocrx_word' id='word_1_325' title='bbox 1329 2452 1359 2490; x_wconf 85' lang='lat' dir='ltr'><strong>si</strong></span> 
     </span>
    </p>
   </div>
  </div>
 </body>
</html>
