1674 2754
580 208 694 233 mima
712 208 754 233 11.
811 206 899 234 CAP.
919 207 997 233 xrv.
1414 195 1459 235 71

116 298 295 339 versatur,
315 294 351 339 ii,
371 293 528 335 simulac
553 294 710 345 juvenes
736 306 817 331 esse
836 298 1045 344 coeperunt,
1065 305 1204 344 magna
1223 298 1393 344 spectare

114 360 154 394 et
177 355 227 393 ad
254 368 299 393 ea
323 355 434 393 rectis
455 355 587 392 studiis
607 355 748 393 debent
767 354 993 392 contendere
1010 366 1017 391 :
1047 354 1150 404 quod
1169 367 1214 391 eo
1233 355 1393 393 firmiore

113 415 236 454 animo
254 415 404 460 facient,
425 414 512 465 quia
531 428 606 452 non
624 415 738 452 modo
756 427 831 452 non
855 414 1042 452 invidetur
1059 414 1112 452 illi
1131 414 1243 459 aetati,
1263 427 1395 453 verum

113 474 226 513 etiam
243 475 403 514 favetur.

163 594 292 632 Prima
320 599 379 632 est
405 595 520 646 igitur
546 594 775 632 adolescenti
803 593 1078 632 commendatio
1097 594 1147 632 ad
1175 594 1344 646 gloriam,
1365 592 1438 633 si'5

111 666 187 705 qua
214 666 235 692 e
247 667 272 692 x
304 655 330 693 b
341 667 362 692 e
374 655 387 692 1
398 655 434 693 li
447 668 467 693 c
478 655 491 692 i
503 668 520 692 s
549 668 568 692 r
579 667 599 692 e
611 654 636 693 b
648 667 675 692 u
684 667 702 692 s
729 654 938 705 comparari
962 659 1089 706 potest
1101 668 1110 699 ;
1138 655 1176 692 in
1194 667 1269 705 qua
1288 654 1397 693 multi

111 714 215 765 apud
229 714 392 766 majores
405 719 552 752 nostros
567 715 788 752 extiterunt:
810 719 959 766 sem'per
973 715 1071 752 enim
1085 715 1162 753 fere
1178 715 1276 753 bella
1289 728 1396 767 gere-

111 775 259 813 bantur.
297 776 377 814 Tua
391 780 518 814 autem
533 780 625 814 aetas
638 776 767 814 incidit
781 776 818 813 in
832 776 870 813 id
885 776 1038 821 bellum,
1054 776 1162 828 cujus
1177 777 1294 814 altera
1308 789 1396 828 pars
1416 781 1439 815 6

110 835 261 873 sceleris
278 835 434 874 nimium
453 836 596 881 habuit,
616 836 736 874 altera
757 836 943 874 felicitatis
963 849 1108 887 parum.
1165 837 1250 882 Quo
1267 841 1396 874 tamen
1417 837 1439 875 7

109 894 148 932 in
174 895 285 940 bello,
305 909 393 933 eum
419 900 458 934 te
485 896 690 947 Pompeius
719 897 789 934 alae
817 896 926 933 alteri
953 897 1196 947 praefecisset,
1216 910 1395 948 magnam

110 953 263 992 laudem
292 959 331 993 et
358 968 381 992 a
409 968 557 993 summo
575 955 655 993 viro
675 960 713 992 et
732 956 780 993 ab
801 955 968 993 exercitu
993 957 1274 1007 consequebare
1294 957 1395 1007 equi-

110 1014 239 1059 tando,
257 1015 473 1065 jaculando,
495 1015 596 1053 omni
621 1015 771 1053 militari
792 1016 921 1053 labore
940 1016 1145 1054 tolerando.
1201 1017 1332 1067 Atque
1352 1029 1396 1054 ea

111 1073 266 1124 quidem
283 1079 350 1111 tua
368 1075 450 1112 laus
469 1075 610 1125 pariter
629 1088 716 1113 eum
734 1088 774 1113 re
793 1076 943 1126 publica
958 1076 1100 1114 cecidit.
1157 1077 1250 1114 Mihi
1268 1081 1396 1115 autem
1416 1082 1438 1113 8

110 1133 196 1171 haec
210 1134 328 1171 oratio
343 1139 519 1185 suscepta
533 1148 608 1172 non
623 1135 671 1173 de
690 1139 729 1172 te
749 1140 818 1179 est,
838 1135 905 1172 sed
925 1135 973 1172 de
991 1148 1129 1186 genere
1140 1140 1242 1174 toto:
1264 1149 1395 1187 quam-

111 1193 240 1231 obrem
259 1205 462 1244 pergamus
481 1194 530 1231 ad
551 1207 605 1239 ea,
626 1208 713 1245 quae
733 1199 887 1232 restant.

163 1252 218 1290 Ut
246 1252 360 1304 igitur
386 1253 423 1305 in
450 1254 602 1304 reliquis
628 1255 742 1293 rebus
769 1254 890 1292 multo
915 1255 1058 1306 majora
1080 1268 1195 1307 opera
1213 1261 1301 1294 sunt
1320 1257 1395 1295 ani·
1416 1261 1438 1295 9

109 1311 172 1356 mi,
193 1325 306 1379 quam
335 1313 500 1380 corporis
514 1326 535 1364 ε,
552 1314 605 1352 sic
624 1326 680 1352 eae
698 1327 769 1359 res,
790 1327 884 1365 quas
909 1315 1056 1367 ingenio
1076 1328 1119 1353 ae
1142 1316 1284 1355 ratione
1310 1330 1394 1368 per-

109 1372 311 1423 sequimur,
339 1373 529 1424 graviores
557 1378 657 1419 sunt,
684 1387 798 1425 quam
824 1375 912 1419 illae,
941 1388 1035 1426 quas
1062 1376 1212 1415 viribus.
1267 1377 1395 1415 Prima
1416 1382 1466 1416 10

109 1431 224 1483 igitur
235 1433 510 1471 commendatio
523 1435 769 1485 proficiscitur
783 1448 806 1472 a
821 1448 859 1472 m
870 1435 925 1472 od
935 1448 956 1472 e
967 1449 985 1474 s
994 1436 1085 1481 tia,
1103 1441 1186 1474 tum
1203 1450 1228 1488 p
1238 1436 1250 1474 i
1261 1449 1280 1475 e
1290 1442 1306 1475 t
1316 1450 1339 1474 a
1348 1442 1364 1475 t
1374 1451 1395 1475 e

109 1492 147 1530 in
175 1497 361 1543 parentes,
391 1493 430 1530 in
464 1506 553 1532 suos
591 1495 850 1532 benivolentia.
907 1495 1098 1533 Facillime
1126 1500 1264 1541 autem,
1293 1502 1331 1534 et
1357 1497 1395 1535 in
1416 1502 1460 1536 11

110 1552 292 1603 optimam
312 1557 472 1603 partem,
489 1558 768 1604 cognoscuntur
782 1553 1050 1599 adolescentes,
1067 1555 1131 1605 qui
1150 1568 1189 1593 se
1204 1556 1252 1593 ad
1274 1556 1394 1594 claros

110 1615 150 1649 et
168 1612 355 1662 sapientes
370 1612 479 1656 viros,
496 1613 592 1650 bene
611 1613 848 1651 consulentes
867 1614 919 1651 rei
939 1615 1115 1665 publieae,
1133 1615 1392 1654 contulerunt:

111 1670 335 1722 quibuscum
365 1671 396 1709 si
423 1671 637 1723 frequentes
670 1677 770 1717 sunt,
804 1673 1015 1724 opinionem
1047 1675 1208 1712 afferunt
1238 1676 1392 1727 populo,

111 1743 241 1769 eorum
269 1731 349 1769 fore
379 1744 419 1770 se
447 1731 596 1776 similes
617 1746 712 1783 quos
742 1732 812 1771 sibi
836 1733 907 1784 ipsi
932 1734 1141 1785 delegerint
1168 1735 1217 1772 ad
1246 1735 1392 1773 imitan-

110 1790 212 1829 dum.
266 1791 310 1829 P.
331 1791 460 1829 Rutilii
478 1791 770 1830 adolescentiam
789 1793 838 1831 ad
858 1793 1069 1845 opinionem
1093 1799 1132 1832 et
1158 1795 1392 1841 innocentiae,
1415 1801 1462 1834 12

110 1854 149 1888 et
176 1850 271 1902 juris
303 1851 478 1896 scientiae,
506 1852 551 1890 P.
581 1852 695 1890 Mucii
723 1853 998 1891 commendavit
1026 1854 1171 1893 domus.
1227 1856 1329 1894 Nam
1348 1857 1390 1895 L.
1415 1861 1461 1895 13

109 1910 261 1961 quidem
276 1911 448 1956 Crassus,
464 1925 550 1950 cum
564 1917 664 1950 esset
678 1913 885 1951 admodum
900 1913 1131 1960 adolescens,
1147 1928 1221 1953 non
1242 1916 1392 1954 aliunde

108 1974 305 2009 mutuatus
332 1976 402 2016 est,
423 1971 491 2009 sed
510 1972 580 2010 sibi
598 1972 679 2024 ipse
698 1973 847 2024 peperit
873 1974 1075 2012 maximam
1094 1975 1247 2013 laudem
1266 1989 1312 2014 ex
1330 1977 1394 2014 illa

109 2031 345 2069 accusatione
363 2032 478 2070 nobili
497 2037 534 2070 et
561 2033 751 2084 gloriosa:
781 2037 820 2071 et
839 2047 913 2084 qua
939 2038 1051 2072 aetate
1070 2035 1134 2085 qui
1161 2041 1392 2082 exercentur,

110 2089 222 2128 laude
249 2091 345 2129 affici
372 2091 505 2136 solent,
525 2097 570 2130 ut
597 2092 646 2130 de
674 2093 931 2132 Demosthene
959 2095 1183 2146 accepimus,
1205 2108 1250 2133 ea
1278 2101 1393 2135 aetate

109 2149 152 2188 L.
174 2149 332 2188 Crassus
359 2151 533 2196 ostendit,
553 2152 592 2190 id
620 2165 660 2190 se
687 2153 724 2191 in
753 2154 834 2191 foro
862 2154 1004 2205 optime
1028 2155 1108 2206 jam
1135 2156 1270 2201 facere,
1290 2156 1392 2208 quod

110 2209 306 2247 etiamtum
325 2215 474 2261 poterat
493 2212 594 2250 domi
613 2225 699 2250 cum
719 2212 832 2251 laude
852 2214 1039 2252 meditari.

161 2329 269 2368 XIV.
299 2329 376 2368 Sed
395 2343 481 2369 cum
497 2331 637 2383 duplex
656 2333 750 2371 ratio
770 2333 818 2371 sit
837 2334 1022 2378 orationis,
1039 2347 1199 2385 quarum
1217 2335 1254 2372 in
1274 2335 1391 2372 altera

109 2400 233 2427 sermo
261 2389 318 2434 sit,
338 2390 377 2428 in
403 2391 520 2428 altera
547 2393 755 2431 eontentio:
789 2406 863 2431 non
891 2398 949 2432 est
975 2394 1013 2432 id
1041 2394 1193 2444 quidem
1221 2395 1392 2440 dubium,

109 2447 200 2500 quin
217 2450 407 2489 contentio
425 2451 601 2490 orationis
620 2453 801 2504 majorem
820 2454 895 2491 vim
914 2454 1054 2492 habeat
1072 2454 1121 2491 ad
1149 2454 1309 2505 gloriam
1331 2453 1392 2504 (ea
