1653 2758
686 230 938 256 CONSPECTUS.

301 314 380 352 Sed
411 315 573 353 dubitari
603 328 868 366 nonnunquam
897 321 935 353 et
966 315 1112 366 peccari
1138 319 1293 366 propter
1319 314 1479 366 speciem

350 367 457 405 falsae
488 369 668 412 utilitatis,
688 369 724 405 in
743 369 870 419 primis
899 368 936 405 in
961 368 1150 405 amicitiis:
1180 379 1260 418 cap.
1285 372 1343 405 10.
1398 367 1480 405 Nec

351 432 374 455 a
391 420 541 470 privatis
560 421 692 465 solum,
708 421 775 458 sed
794 422 906 458 etiam
924 421 961 457 in
978 421 1092 458 rebus
1110 420 1288 471 publicis:
1319 433 1400 470 cap.
1419 424 1480 457 11.

235 522 276 576 2)
296 524 356 562 De
382 525 558 613 plpculiari
585 525 818 563 contentione
836 524 1016 569 utilitatis,
1037 537 1122 575 quae
1146 525 1348 573 prudentia
1365 524 1481 562 videri

350 589 395 614 ve
423 581 440 614 t

297 628 348 666 A
369 642 455 666 cum
472 629 630 667 Justitia
649 642 670 666 a
690 642 771 680 cap.
795 633 979 679 12—cap.
1005 633 1064 673 15,
1085 628 1108 681 ξ
1129 633 1164 667 9.

350 680 417 732 3)
408 695 445 718 m
462 682 673 719 reticentia:
704 694 785 741 cap.
809 686 855 719 12
877 687 914 719 et
936 687 995 719 13.

350 733 422 783 b)
412 747 449 771 m
468 734 641 771 orationis
660 734 843 771 vanitate:
873 747 955 784 cap.
979 738 1038 772 14.

351 786 485 836 Itaque
518 799 664 824 omnem
697 792 735 824 et
767 787 1099 824 dissimulationem
1137 790 1175 824 et
1211 785 1480 824 simulationem

453 839 656 876 tollendam
676 851 779 876 esse:
809 852 889 889 cap.
913 844 973 877 15.

403 891 499 928 Eam
512 891 685 928 fraudem
704 897 742 928 et
760 892 906 942 legibus
925 890 1119 928 vindicari:
1149 903 1231 941 cap.
1250 895 1310 928 16.

507 949 544 980 et
558 943 677 981 multo
689 943 810 994 magis
823 956 845 979 a
860 943 1095 993 philosophia
1109 943 1276 980 damnari
1290 956 1297 980 :
1319 955 1400 994 cap.
1420 943 1480 982 17.

349 996 500 1033 Peccari
519 995 636 1032 solere
653 996 690 1032 in
708 995 785 1032 vita
803 996 948 1045 privata
963 995 1125 1032 avaritiae
1147 1008 1279 1032 causa:
1309 1008 1390 1046 cap.
1409 1000 1470 1034 18.

454 1048 636 1085 bonorum
657 1047 816 1085 officium
835 1053 963 1085 contra
981 1047 1146 1098 ponitur:
1176 1060 1257 1098 cap.
1281 1052 1340 1086 19.

402 1100 439 1137 in
456 1101 533 1138 vita
551 1100 701 1150 publica
719 1100 797 1137 fere
816 1100 1025 1138 ambitionis
1047 1112 1180 1138 causa:
1211 1112 1291 1150 cap.
1315 1104 1375 1138 20.

557 1156 595 1189 et
609 1152 786 1203 potentiae
808 1152 1079 1202 consequendae
1097 1165 1230 1190 causa:
1252 1165 1331 1203 cap.
1350 1157 1410 1191 21.

454 1204 588 1243 veteris
615 1210 767 1242 senatus
785 1204 893 1242 Rom.
915 1205 1129 1255 exemplum
1148 1204 1368 1255 opponitur:
1397 1217 1480 1257 cap.

348 1310 580 1369 Quaestiones
598 1287 785 1347 rionnullae
804 1310 1018 1347 solvuntur:
1048 1321 1130 1360 cap.
1154 1314 1214 1347 23.

453 1363 489 1400 in
518 1362 646 1413 primis
676 1362 722 1400 de
748 1363 867 1412 pactis
898 1362 1087 1412 promissis
1114 1362 1302 1399 servandis
1321 1366 1388 1400 aut
1404 1375 1480 1401 non

560 1428 643 1452 serv
645 1415 771 1452 andis:
801 1427 881 1465 cap.
905 1419 965 1459 24,
982 1413 1003 1466 ξ
1027 1419 1184 1466 1—cap.
1207 1420 1268 1459 25,
1285 1413 1307 1466 ξ
1329 1420 1362 1453 9.

295 1520 339 1559 Β.
360 1533 447 1557 cum
466 1519 702 1556 Fortitudine
720 1532 742 1555 a
762 1532 842 1571 cap.
866 1523 1051 1570 26—cap.
1078 1524 1139 1556 32.

348 1573 404 1609 Ea
423 1572 610 1609 contentio
629 1572 836 1609 illustratur
856 1572 1036 1622 exemplis

330 1663 336 1667 ,
402 1623 440 1676 3)
462 1624 603 1661 Ulixis:
634 1637 703 1674 cap
707 1629 799 1668 .,26
820 1623 963 1675 §1—§
985 1631 1019 1662 5.

400 1677 442 1728 b)
463 1676 620 1736 Reguli:
652 1689 733 1727 cap.
756 1681 817 1721 26,
838 1676 859 1727 ξ
881 1681 1041 1728 6—cap.
1060 1681 1120 1715 32.

454 1729 564 1774 Qua
555 1742 592 1766 m
609 1742 649 1766 re
669 1729 860 1780 praecipue
885 1730 1010 1780 agitm·
1024 1729 1166 1780 dejure
1177 1729 1339 1780 jurando
1357 1743 1380 1767 a
1398 1743 1481 1782 cap.

561 1785 620 1824 28,
639 1780 842 1831 §4—cap.
865 1786 926 1819 32.

558 1832 712 1883 quoda)
737 1838 974 1871 extenuatur:
1006 1846 1088 1884 cap.
1111 1838 1172 1878 28,
1193 1832 1215 1884 ξ
1239 1835 1377 1872 4—fin.
1398 1847 1480 1886 cap.

663 1884 712 1934 β)
733 1885 945 1923 defenditur

733 1938 957 1975 rationibus:
988 1950 1070 1988 cap.
1091 1942 1139 1976 29
1161 1942 1199 1976 et
1218 1942 1279 1976 30.

733 1990 954 2028 auctoritate
972 1991 1179 2041 majorum:
1201 2003 1282 2042 cap.
1295 1995 1342 2029 31
1360 1996 1398 2029 et
1417 1996 1480 2030 32.

298 2096 341 2135 C.
362 2109 448 2134 cum
472 2094 749 2144 Temperantia:
778 2108 858 2145 cap.
881 2099 942 2132 33.

350 2150 444 2195 Quae
467 2148 652 2186 contentio
671 2160 751 2184 esse
776 2160 850 2184 non
869 2148 997 2198 possit,
1012 2147 1081 2185 nisi
1099 2147 1182 2198 quis
1199 2147 1352 2198 Epicuri
1369 2148 1479 2187 ratio-

452 2213 539 2238 nem
558 2200 606 2237 de
632 2200 827 2250 voluptate
855 2200 1010 2250 probet:
1039 2200 1165 2250 itaque
1192 2200 1479 2247 demonstratur,

177 2271 225 2348 ,E
253 2305 279 2344 ss
453 2257 685 2356 quantopgeoe
704 2265 748 2289 ea
757 2252 954 2342 fihonestati
971 2252 1202 2294 adversetur.

209 2306 396 2358 ⁴p’ogus:
426 2318 507 2357 cap.
529 2310 590 2345 33.
654 2309 757 2342 22—-
784 2317 819 2342 n.
