1674 2754
177 209 226 243 26
726 220 775 244 nn
795 219 962 244 ormcns

203 307 225 340 6
298 304 589 356 Intelligendum
621 309 679 342 est
715 310 853 348 autem,
893 318 980 342 cum
1027 305 1220 355 proposita
1265 303 1338 341 sint
1382 315 1519 355 genera

245 369 433 413 quattuor,
455 377 502 401 ex
521 365 656 414 quibus
683 365 868 401 honestas.
892 365 1128 414 officiumque
1157 369 1335 407 manaret,
1357 363 1518 414 splendi-

244 424 438 461 dissimum
449 424 575 467 videri,
593 424 694 474 quod
714 437 736 460 a
747 424 790 461 ni
801 437 840 460 m
852 437 874 460 o
901 436 969 461 ma
981 437 1007 474 g
1020 436 1044 460 n
1056 436 1078 460 o
1104 418 1123 460 e
1135 423 1148 460 l
1160 417 1182 459 a
1193 427 1209 460 t
1221 436 1276 473 oq
1286 437 1312 460 u
1323 436 1343 460 e
1362 424 1518 460 human-

202 483 223 521 7
244 495 359 533 asque
379 496 437 520 res
457 483 683 533 despiciente
711 484 853 520 factum
873 483 930 520 sit.
987 483 1122 532 Itaque
1141 483 1178 519 in
1196 483 1340 532 probris
1359 482 1518 519 maxime

241 543 278 580 in
296 547 477 594 promptu
495 548 562 587 est,
584 543 614 580 si
633 542 721 592 quid
740 543 815 580 tale
834 542 907 579 dici
924 547 1071 592 potest:

363 631 434 669 Vos
452 633 590 675 etenim,
601 632 761 680 juvenes,
782 631 949 668 animum
963 631 1090 679 qeritis
1108 631 1331 674 muliebrem,

357 691 433 729 Illa
451 692 576 739 vira-‚qo
594 691 677 729 viri.

239 780 290 818 Et
308 780 339 818 si
356 780 446 831 quid
465 778 668 830 ejusmodi:

359 868 537 911 Salmaci,
560 867 609 903 cla
627 867 756 915 spolia,
777 867 853 903 sine
870 867 1000 903 sudore
1018 872 1050 904 et
1070 867 1255 915 sanquine.

199 961 221 994 8
243 957 459 1006 Contraque
488 955 526 992 in
554 954 741 997 laudibus,
763 967 848 1004 quae
875 967 1014 1004 magno
1033 955 1154 992 animo
1173 955 1318 991 fortiter
1337 955 1519 993 excellen-

242 1021 373 1065 terque
406 1019 514 1066 gesta
546 1018 644 1057 sunt,
674 1025 718 1050 ea
748 1013 872 1050 nescio
904 1013 1093 1064 quomodo
1125 1014 1229 1064 quasi
1262 1014 1424 1064 pleniore
1457 1027 1520 1052 ore

199 1080 221 1113 9
241 1075 450 1113 laudamus.
507 1073 604 1110 Hinc
624 1073 818 1110 rhetorum
839 1086 995 1123 campus
1011 1073 1057 1110 de
1073 1070 1303 1117 Marathone,
1321 1073 1518 1118 Salamine,

241 1134 408 1176 Plataeis,
441 1133 714 1182 Thermopylis,
746 1133 937 1169 Leuctris:
978 1133 1064 1170 hinc
1101 1137 1226 1169 noster
1259 1133 1403 1176 Cocles,
1435 1134 1518 1171 hinc

243 1193 358 1236 Decii,
378 1193 464 1229 hinc
487 1193 630 1229 Gnaeus
659 1197 697 1229 et
723 1192 881 1229 Publius
902 1191 1105 1242 Scipiones,
1126 1192 1211 1228 hinc
1233 1192 1284 1228 M.
1306 1192 1517 1237 Mamellus,

242 1252 527 1290 innumerabiles
546 1252 607 1288 alii
623 1264 629 1288 :
659 1252 893 1301 maximeque
912 1252 992 1301 ipse
1012 1252 1175 1301 populus
1192 1252 1382 1290 Romanus
1409 1253 1519 1290 animi

242 1312 497 1363 magnitudine
513 1311 669 1348 excellit.
711 1311 931 1348 Declaratur
945 1315 1072 1348 autem
1091 1310 1258 1348 studium
1273 1312 1416 1350 bellicae
1437 1313 1518 1362 glo-

243 1372 318 1416 riae,
340 1372 442 1422 quod
461 1375 604 1408 statuas
623 1383 771 1420 quoque
790 1370 959 1407 videmus
979 1375 1114 1407 ornatu
1132 1371 1209 1408 fere
1228 1367 1385 1409 militari.

295 1491 400 1528 XIX.
430 1490 507 1528 Sed
528 1502 571 1527 ea
590 1489 701 1526 animi
716 1489 837 1533 elatio,
852 1502 937 1539 quae
953 1489 1114 1526 cernitm·
1127 1490 1164 1526 in
1179 1490 1350 1540 periculis
1365 1496 1403 1528 et
1417 1491 1519 1529 labo-

243 1551 357 1595 ribus,
378 1551 408 1588 si
434 1549 580 1600 justitia
597 1554 718 1592 vacat,
739 1554 958 1599 pugnatque
988 1561 1062 1585 non
1090 1562 1159 1599 pro
1178 1549 1299 1586 salute
1319 1551 1518 1595 communi,

244 1611 311 1648 sed
345 1623 413 1660 pro
443 1609 519 1646 suis
553 1608 768 1652 commodis,
788 1608 825 1645 in
853 1608 941 1645 vitio
970 1613 1038 1645 est.
1094 1609 1181 1645 Non
1213 1606 1310 1646 enirn
1338 1606 1452 1647 modo
1480 1611 1520 1648 id

243 1670 389 1707 virtutis
407 1681 482 1706 non
501 1673 568 1712 est,
590 1668 658 1705 sed
686 1673 743 1704 est
770 1668 894 1718 potius
913 1667 1162 1712 immanitatis,
1184 1681 1332 1706 omnem
1351 1666 1518 1707 humani-

202 1734 223 1766 2
244 1735 362 1766 tatem
373 1728 597 1778 repellentis.
654 1728 787 1777 Itaque
807 1723 929 1777 probe
944 1725 1158 1764 definitur‘a
1173 1728 1307 1765 Stoicis
1326 1725 1520 1773 fortitudo,

244 1801 329 1825 cum
348 1800 431 1824 eam
449 1787 627 1823 virtutem
655 1798 736 1822 esse
765 1786 894 1823 dicunt
921 1782 1225 1836 propugnantem
1245 1800 1313 1836 pro
1333 1789 1519 1837 aequitate.

201 1853 223 1885 3
245 1847 427 1892 Quocirca
454 1858 576 1889 nemo,
603 1845 667 1895 qui
685 1845 912 1882 fortitudinis
939 1841 1096 1896 gloriam
1118 1851 1340 1882 consecutus
1360 1852 1417 1884 est
1435 1848 1519 1884 insi-

244 1907 314 1944 diis
342 1911 380 1943 et
406 1905 556 1948 malitia,
585 1904 736 1942 laudem
763 1909 820 1941 est
853 1904 1025 1954 adeptus.
1081 1905 1184 1941 Nihil
1211 1904 1411 1943 honestum
1439 1920 1520 1944 esse

201 1970 226 2003 4
246 1970 383 2016 potest,
395 1965 496 2014 quod
513 1964 658 2015 justitia
672 1969 792 2001 vacat.
847 1964 1077 2001 Praeclarum
1096 1964 1211 2014 igitur
1228 1964 1321 2002 illud
1339 1965 1518 2004 Platonis.

245 2025 333 2062 Non
370 2025 504 2068 solum,
535 2024 665 2074 inquit,
695 2023 859 2067 scientia,
894 2036 980 2074 quae
1013 2028 1071 2060 est
1106 2028 1252 2060 remota
1279 2024 1327 2061 ab
1362 2025 1518 2074 justitia,

245 2084 426 2122 calliditas
445 2084 580 2133 potius,
597 2095 709 2133 quam
729 2083 908 2132 sapientia
923 2088 980 2120 est
999 2083 1244 2134 appellanda:
1264 2096 1394 2121 verum
1408 2086 1520 2123 etiam

245 2144 389 2181 animus
409 2148 563 2193 paratus
582 2143 630 2179 ad
656 2143 875 2192 periculum,
897 2143 924 2179 si
946 2155 1013 2179 sua
1033 2143 1248 2193 cupiditate,
1269 2141 1342 2180 nou
1361 2144 1520 2183 utilitate

246 2202 435 2240 communi
464 2202 680 2252 impellitur,
700 2202 867 2239 audaciae
902 2202 1026 2253 potius
1058 2215 1196 2239 nomen
1228 2202 1377 2247 habeat,
1408 2217 1519 2254 quam

203 2270 224 2301 5
246 2262 483 2299 fortitudinis.
514 2262 648 2311 Itaque
660 2261 758 2298 viros
777 2262 893 2298 fortes
909 2267 947 2298 et
961 2262 1218 2312 magnanimos
1234 2261 1387 2305 eosdem
1403 2263 1520 2300 bonos

246 2326 285 2358 et
312 2321 510 2372 simplices,
530 2320 695 2357 veritatis
723 2321 861 2358 amicos
889 2321 1110 2370 minimeque
1138 2321 1290 2358 fallaces
1316 2333 1398 2359 esse
1417 2323 1520 2360 volu-

203 2385 225 2418 6
246 2392 352 2418 mus:
381 2393 467 2430 quae
488 2385 574 2417 sunt
588 2393 634 2417 ex
652 2380 775 2417 media
794 2380 906 2417 laude
922 2380 1089 2430 justitiae.
1146 2381 1223 2418 Sed
1242 2382 1335 2419 illud
1350 2381 1520 2419 odiosum

245 2444 315 2484 est,
335 2439 437 2490 quod
456 2440 492 2476 in
511 2439 582 2476 hac
601 2439 759 2476 elatione
778 2444 817 2477 et
834 2440 1090 2490 magnitudine
1109 2440 1218 2478 animi
1245 2441 1418 2479 facillime
1437 2452 1520 2492 per·
