1674 2754
586 209 700 233 LIBER.
727 208 768 234 11.
825 206 913 233 cAP.
942 208 1026 232 vm.
1425 197 1474 233 65

124 295 304 346 quamdiu
332 293 529 346 imperium
557 293 687 346 populi
715 293 874 331 Romani
899 292 1083 331 beneficiis
1102 294 1312 338 tenebatur,
1333 307 1407 331 non

122 355 284 406 injuriis:
306 355 404 392 bella
424 359 489 392 aut
509 368 579 405 pro
599 355 716 398 sociis,
733 358 798 391 aut
818 353 866 391 de
884 350 1041 404 imperio
1059 355 1309 404 gerebantur;
1330 354 1405 392 exi-

122 419 184 452 tus
204 419 309 452 erant
327 415 511 452 bellorum
530 420 596 452 aut
615 415 723 452 mites
743 419 809 451 aut
836 413 1054 457 necessarii;
1083 425 1228 464 regum,
1249 414 1405 464 populo-

122 487 218 519 rum,
231 475 424 512 nationum
443 480 574 525 portus
595 479 674 512 erat
689 479 726 512 et
744 474 931 525 refugium
950 478 1101 511 senatus
1116 486 1124 517 ;
1144 473 1261 510 nostri
1280 478 1407 510 autem
1429 479 1450 510 3

121 535 362 586 magistratus
387 535 706 586 imperatoresque
726 547 772 571 ex
790 534 861 571 hac
880 546 955 570 una
974 546 1013 571 re
1033 533 1236 570 maximam
1255 533 1408 570 laudem

122 607 256 646 capere
276 595 490 639 studebant,
512 595 542 632 si
561 594 778 646 provincias,
801 594 830 631 si
849 594 968 631 socios
997 594 1174 644 aequitate
1193 597 1231 630 et
1249 592 1323 630 fide
1343 592 1407 630 de-

120 654 336 692 fendissent.
376 655 511 706 Itaque
530 654 622 692 illud
638 654 886 705 patrocinium
905 654 1004 691 orbis
1018 659 1130 691 terrae
1144 654 1277 697 verius,
1295 666 1409 704 quam
1428 656 1452 690 4

120 715 318 765 imperium
337 720 487 766 poterat
505 714 696 752 nominari.
754 714 900 751 Sensim
922 714 1020 751 hanc
1041 713 1350 752 consuetudinem
1370 718 1409 751 et
1429 719 1451 752 5

120 774 353 826 disciplinam
368 775 448 826 jam
466 775 726 812 minuebamus
742 787 750 812 :
778 778 866 826 post
885 787 973 812 vero
994 774 1111 811 Sullae
1129 774 1323 812 victoriam
1343 787 1407 825 pe-

119 834 218 872 nitus
249 835 449 873 amisimus.
505 835 679 872 Desitum
709 839 766 871 est
794 835 892 871 enim
910 834 1028 872 videri
1056 834 1257 885 quicquam
1284 834 1322 871 in
1350 847 1408 871 so-
1430 838 1451 871 6

120 894 196 932 cios
215 893 393 946 iniquum,
415 908 502 932 cum
522 895 707 932 extitisset
726 895 881 932 incives
902 899 1007 931 tanta
1038 892 1249 932 crudelitas.
1306 894 1407 945 Ergo
1429 894 1450 930 7

120 954 157 992 in
175 955 239 993 illo
253 960 382 993 secuta
402 953 459 992 cst
477 956 675 992 honestam
695 953 846 992 causam
865 968 939 992 non
959 955 1119 991 honesta
1134 954 1296 991 victoria.
1339 954 1409 991 Est

121 1015 219 1053 enim
249 1028 363 1053 ausus
393 1015 528 1059 dicere,
548 1015 658 1052 hasta
687 1015 820 1066 posita,
843 1028 929 1052 cum
954 1015 1053 1052 bona
1072 1015 1110 1051 in
1128 1015 1208 1051 foro
1228 1014 1410 1051 venderet

121 1080 160 1112 et
178 1076 360 1114 bonorum
378 1075 553 1119 virorum,
570 1080 608 1112 et
627 1075 870 1125 locupletum,
893 1080 931 1112 et
951 1080 1050 1112 certe
1070 1075 1217 1118 civium,
1239 1074 1408 1125 praedam

120 1147 160 1172 se
179 1148 287 1172 suam
305 1135 478 1172 vendere.
536 1135 697 1172 Secutus
718 1140 784 1179 est,
807 1135 871 1185 qui
899 1135 935 1171 in
967 1147 1081 1172 causa
1109 1134 1233 1185 impia,
1254 1134 1409 1171 victoria
1429 1139 1452 1172 8

120 1195 232 1233 etiam
251 1195 420 1239 foediore,
440 1208 515 1244 non
540 1195 772 1246 singulorum
803 1195 938 1232 civium
970 1195 1070 1233 bona
1097 1194 1318 1245 publicaret,
1340 1194 1409 1232 sed

119 1255 310 1293 universas
341 1255 549 1305 provincias
579 1255 826 1306 regionesque
854 1268 929 1292 uno
950 1255 1172 1293 calamitatis
1201 1255 1287 1306 jure
1307 1268 1408 1293 com-

119 1315 379 1367 prehenderet.
436 1316 582 1366 Itaque,
603 1315 746 1353 vexatis
766 1328 810 1353 ac
830 1315 984 1366 perditis
1015 1315 1151 1353 exteris
1181 1315 1407 1360 nationibus,
1430 1320 1452 1353 9

119 1376 169 1414 ad
199 1376 414 1427 exemplum
443 1375 568 1412 amissi
596 1375 741 1426 imperii
770 1376 912 1426 portari
929 1376 966 1413 in
985 1376 1177 1427 triumpho
1205 1376 1410 1413 Massiliam

120 1436 292 1480 vidimus,
313 1440 352 1473 et
371 1448 418 1473 ex
436 1449 481 1473 ea
509 1436 602 1473 urbe
633 1436 870 1487 triumphari,
892 1437 969 1473 sine
990 1449 1064 1486 qua
1082 1450 1275 1487 nunquam
1293 1436 1410 1474 nostri

119 1497 363 1548 imperatores
383 1509 429 1533 ex
448 1496 699 1547 Transalpinis
719 1496 824 1533 bellis
840 1497 1131 1547 triumpharunt.
1172 1497 1295 1534 Multa
1314 1509 1408 1547 prae-
1432 1500 1479 1534 10

122 1561 225 1594 terea
244 1568 577 1593 commemorarem
604 1556 745 1593 nefaria
764 1556 801 1593 in
820 1557 951 1601 socios,
973 1557 1003 1594 si
1022 1557 1094 1593 hoc
1113 1569 1189 1593 uno
1209 1557 1410 1607 quicquam

122 1616 178 1654 sol
192 1616 345 1653 vidisset
358 1615 556 1667 indignius.
603 1615 627 1654 J
630 1629 697 1653 ure
712 1616 826 1667 igitur
842 1617 1052 1667 plectimur.
1095 1616 1178 1653 Nisi
1197 1617 1295 1654 enim
1314 1616 1408 1654 mul-
1432 1620 1472 1654 1]

123 1681 248 1714 torum
265 1675 449 1726 impunita
475 1676 615 1713 scelera
643 1676 870 1721 tulissemus,
891 1689 1083 1727 nunquam
1102 1677 1151 1714 ad
1170 1690 1287 1715 unum
1308 1681 1417 1729 tanta(

123 1736 353 1788 pervenisset
383 1736 551 1773 licentia:
581 1749 603 1772 a
632 1749 706 1786 quo
733 1737 886 1787 quidem
907 1737 959 1774 rei
978 1737 1167 1774 familiaris
1187 1737 1235 1774 ad
1256 1750 1409 1787 paucos,

123 1795 374 1848 cupiditatum
392 1795 442 1833 ad
460 1796 599 1833 multos
619 1796 810 1847 improbos
830 1797 932 1834 venit
962 1796 1163 1835 hereditas.
1220 1797 1258 1834 N
1261 1810 1302 1834 ec
1322 1810 1412 1835 vero
1434 1800 1479 1834 12

122 1869 288 1908 unquam
307 1855 492 1894 bellorum
513 1856 674 1903 civilium
693 1854 821 1894 semen
840 1862 879 1894 et
898 1869 1011 1894 causa
1031 1857 1161 1901 deerit,
1179 1857 1271 1894 dum
1291 1857 1410 1894 homi-

122 1929 189 1956 nes
218 1917 355 1968 pcrditi
383 1917 533 1954 hastam
559 1917 662 1954 illam
689 1922 884 1955 cruentam
903 1922 942 1955 et
970 1918 1206 1955 meminerint
1225 1921 1264 1954 et
1284 1929 1410 1968 spera-

123 1977 228 2016 bunt.
269 1975 392 2022 Quam
409 1977 454 2015 P.
471 1977 577 2015 Sulla
591 1991 678 2015 cum
690 1978 885 2022 vibrasset,
901 1978 1086 2015 dictatore
1102 1978 1314 2029 propinquo
1329 1990 1410 2022 suo,

122 2037 223 2076 idem
253 2042 360 2075 sexto
388 2037 576 2075 tricesimo
606 2050 704 2075 anno
732 2043 819 2088 post
838 2051 860 2075 a
880 2038 1114 2076 sceleratiore
1134 2038 1243 2075 hasta
1261 2051 1335 2075 non
1354 2050 1412 2075 re-

124 2098 245 2136 cessit.
288 2098 399 2136 Alter
417 2103 556 2143 autem,
573 2099 636 2149 qui
655 2099 691 2135 in
711 2098 773 2136 illa
793 2098 979 2136 dictatura
999 2098 1120 2136 scriba
1138 2099 1274 2143 fuerat,
1290 2098 1327 2135 in
1341 2099 1413 2137 hac

123 2158 195 2195 fuit
213 2162 390 2208 quaestor
407 2159 585 2196 urbanus.
641 2159 699 2196 Ex
724 2171 798 2209 quo
827 2159 942 2196 debet
969 2158 1136 2210 intelligi,
1158 2159 1296 2196 talibus
1317 2170 1410 2209 prae-
1435 2162 1481 2195 13

123 2218 206 2255 miis
226 2217 437 2268 propositis,
458 2231 651 2269 nunquam
679 2219 856 2257 defutura
884 2219 984 2257 bella
1004 2219 1134 2257 civilia.
1191 2220 1326 2269 Itaque
1347 2231 1411 2269 pa-
1436 2222 1481 2255 14

124 2278 234 2316 rietes
263 2277 376 2315 modo
405 2278 507 2316 urbis
537 2283 639 2316 stant
666 2284 704 2316 ct
731 2284 894 2323 manent,
915 2279 1013 2330 iique
1041 2279 1112 2330 ipsi
1136 2279 1216 2330 jam
1246 2283 1413 2315 extrema

127 2337 267 2376 scelera
297 2342 509 2375 metuentes
525 2350 533 2375 z
571 2351 650 2376 rem
682 2351 770 2377 vero
803 2339 994 2390 publicam
1028 2339 1176 2390 penitus
1210 2338 1412 2376 amisimus.

127 2397 255 2449 Atque
274 2397 312 2435 in
331 2397 400 2434 has
420 2397 546 2436 clades
573 2398 770 2437 incidimus
791 2399 1043 2451 (redeundum
1064 2403 1122 2436 est
1141 2398 1238 2435 enim
1258 2397 1307 2435 ad
1327 2410 1412 2449 pro·
1436 2401 1480 2436 15

126 2456 320 2510 positum),
353 2457 445 2495 dum
475 2458 606 2503 metui,
633 2471 748 2510 quam
780 2459 856 2497 cari
887 2471 970 2497 esse
1003 2463 1042 2496 et
1070 2457 1174 2509 diligi
1200 2457 1412 2496 maluimus.
