1674 2754
634 203 747 227 menn.
768 203 824 226 111.
881 203 968 228 CAP.
994 205 1055 228 xx.
1449 197 1520 231 109

169 302 336 341 unquam
362 288 599 326 consulatum
617 288 829 332 videretur;
859 288 903 333 Q.
931 288 1138 333 Metellum,
1164 291 1272 341 cujus
1301 292 1449 343 legatus

168 354 259 394 erat,
281 361 471 387 summum
488 348 610 386 virum
639 353 677 385 et
704 347 835 391 civem,
857 361 943 385 cum
963 348 1010 386 ab
1031 361 1086 392 eo,
1114 349 1340 399 imperatore
1368 364 1449 396 suo,

168 410 331 448 Romam
358 408 494 446 missus
523 412 633 452 esset,
654 407 758 459 apud
786 407 971 458 populum
998 408 1211 446 Romanum
1237 410 1451 448 criminatus

168 474 237 514 est,
266 469 408 507 bellum
437 468 544 506 illum
572 468 734 505 ducere:
773 467 803 505 si
836 480 876 505 se
910 468 1102 505 consulem
1130 469 1315 514 fecissent,
1347 471 1451 509 brevi

167 535 350 581 tempore,
371 532 437 566 aut
455 528 594 572 vivum,
615 532 682 565 aut
706 532 896 565 mortuum
915 528 940 566 J
943 529 1149 579 ugurtham
1169 542 1208 566 se
1228 529 1265 566 in
1285 535 1450 580 potesta-

167 594 244 628 tem
265 588 394 640 populi
421 588 581 625 Romani
600 587 788 625 daturum.
844 588 982 638 Itaque
1000 588 1123 625 factus
1143 593 1201 626 est
1219 589 1280 627 ille
1299 590 1451 640 quidem
1471 595 1492 627 2

169 649 310 694 consul,
332 648 399 686 sed
418 661 440 685 a
459 647 533 685 fide
556 647 774 698 justitiaque
794 647 974 692 discessit,
996 648 1059 698 qui
1088 649 1273 699 optimum
1301 654 1339 687 et
1365 663 1451 701 gra-

169 709 361 747 vissimum
388 708 519 753 civem,
540 707 648 759 cujus
676 708 836 759 legatuS‚
857 713 895 745 et
920 721 942 745 a
961 721 1036 758 quo
1056 709 1191 746 missus
1211 714 1321 753 esset,
1341 710 1379 747 in
1397 709 1450 746 in-

170 769 306 807 vidiam
324 768 419 806 falso
438 768 587 806 crimine
607 767 816 806 adduxerit.
864 769 923 805 Ne
943 774 1070 806 noster
1089 770 1241 820 quidem
1263 769 1449 807 Gratidia-
1470 774 1493 807 3

168 843 238 867 nus
257 828 376 867 officio
395 828 483 866 boni
500 827 567 865 viri
585 828 737 865 functus
758 832 815 865 est
843 833 936 873 tum,
959 842 1046 866 cum
1074 834 1217 880 praetor
1243 834 1354 874 esset,
1375 830 1449 868 col-

169 889 384 940 legiumque
403 892 609 939 praetorum
629 888 767 925 tribuni
790 888 891 938 plebi
910 889 1180 934 adhibuissent,
1201 895 1244 926 ut
1263 902 1322 926 res
1341 902 1448 927 num-

169 949 284 986 maria
302 948 350 986 de
370 948 557 986 communi
576 948 759 984 sententia
775 949 1076 987 constitueretur.
1115 950 1139 987 J
1142 950 1340 987 actabatur
1354 950 1451 987 enim

169 1009 400 1060 temporibus
433 1008 503 1046 illis
536 1022 709 1045 nummus
743 1009 806 1053 sic,
841 1014 883 1046 ut
920 1023 1029 1047 nemo
1063 1015 1191 1060 posset
1223 1010 1327 1054 scire,
1361 1009 1452 1061 quid

169 1070 336 1107 haberet.
378 1069 689 1119 Conscripserunt
707 1070 954 1107 communiter
972 1070 1138 1108 edictum
1158 1084 1244 1108 cum
1263 1083 1377 1121 poena
1396 1075 1450 1107 at-
1471 1073 1494 1107 4

168 1141 240 1179 que
256 1128 418 1179 judicio;
449 1129 810 1179 constitueruntque,
827 1134 870 1166 ut
890 1143 1019 1167 omnes
1038 1130 1149 1168 simul
1168 1130 1204 1167 in
1224 1135 1345 1167 rostra
1365 1135 1452 1181 post

166 1188 357 1226 meridiem
376 1187 631 1226 escenderent.
679 1188 729 1225 Et
748 1189 861 1226 ceteri
875 1189 1026 1239 quidem
1046 1190 1141 1227 alius
1160 1190 1252 1228 alio:
1273 1190 1413 1228 Marius
1429 1203 1451 1227 a
1471 1195 1493 1229 5

166 1247 349 1286 subselliis
376 1247 414 1285 in
440 1253 561 1285 rostra
589 1252 703 1291 recta,
725 1248 850 1299 idque,
872 1249 976 1299 quod
997 1250 1246 1287 communiter
1265 1250 1448 1301 composi·

166 1313 247 1345 tum
277 1307 411 1352 fuerat,
441 1307 542 1345 solus
576 1307 702 1346 edixit.
758 1309 808 1346 Et
841 1321 886 1346 ea
913 1322 983 1353 res,
1014 1309 1044 1347 si
1072 1310 1221 1360 quaeris,
1251 1310 1285 1348 ei
1311 1323 1451 1362 magno

165 1367 295 1405 honori
312 1367 394 1406 fuit.
442 1367 626 1406 Omnibus
645 1368 734 1406 vicis
754 1373 891 1407 statuae
910 1382 917 1406 :
948 1369 997 1406 ad
1017 1382 1079 1407 eas
1099 1374 1172 1414 tus,
1194 1371 1301 1409 cerei.
1350 1371 1450 1416 Quid

165 1428 315 1466 multa?
374 1428 498 1466 Nemo
516 1441 682 1478 unquam
702 1429 930 1466 multitudini
952 1430 1023 1466 fuit
1043 1430 1171 1468 carior.
1228 1431 1327 1468 Haec
1347 1435 1446 1474 sunt,
1470 1435 1491 1468 6

165 1501 250 1538 quae
285 1488 510 1526 conturbant
542 1481 579 1524 in
607 1488 872 1526 deliberatione
906 1503 1187 1540 nonnunquam,
1218 1504 1306 1528 cum
1332 1491 1383 1535 id,
1413 1491 1451 1528 in

165 1560 240 1598 quo
266 1547 426 1585 violatur
454 1547 624 1598 aequitas,
653 1561 728 1585 non
754 1548 807 1585 ita
834 1561 1024 1600 magnum,
1055 1549 1148 1586 illud
1175 1555 1315 1594 autem,
1346 1551 1449 1601 quod

166 1619 212 1644 ex
244 1619 288 1644 eo
321 1606 475 1657 paritur,
510 1619 759 1659 permagnum
792 1608 961 1646 videtur:
1003 1613 1046 1646 ut
1079 1609 1210 1654 Mario,
1246 1610 1450 1661 praeripere

165 1666 320 1717 collegis
349 1671 388 1704 et
414 1666 572 1704 tribunis
602 1667 652 1718 pl.
685 1668 906 1718 popularem
936 1669 1107 1719 gratiam,
1129 1683 1204 1707 non
1233 1670 1285 1707 ita
1314 1674 1448 1720 turpe;

165 1726 357 1763 consulem
376 1726 425 1764 ob
444 1739 527 1764 eam
546 1739 625 1764 rem
645 1727 733 1771 fieri,
751 1727 853 1778 quod
873 1728 942 1765 sibi
963 1733 1044 1766 tum
1064 1734 1322 1780 proposuerat,
1338 1730 1449 1767 valde

166 1786 256 1824 utile
271 1785 479 1824 videbatur.
519 1786 596 1824 Sed
617 1787 782 1824 omnium
796 1800 870 1824 una
890 1788 1021 1839 regula
1036 1793 1105 1833 est,
1121 1802 1235 1840 quam
1254 1789 1321 1827 tibi
1340 1790 1450 1841 cupio
1472 1790 1490 1828 7

166 1858 246 1884 esse
268 1845 523 1884 notissimam:
554 1851 620 1884 aut
638 1846 742 1890 illud,
765 1847 867 1897 quod
886 1848 976 1885 utile
994 1848 1153 1892 videtur,
1174 1853 1286 1900 turpe
1311 1862 1358 1887 ne
1382 1850 1449 1894 sit;

165 1911 242 1950 aut,
264 1906 294 1944 si
322 1910 433 1957 turpe
460 1911 529 1951 est,
550 1919 596 1944 ne
615 1906 792 1944 videatur
810 1920 892 1945 esse
912 1908 1013 1946 utile.
1071 1909 1170 1954 Quid
1189 1909 1333 1960 igitur?
1364 1923 1448 1961 pos-
1471 1915 1492 1947 8

165 1978 342 2004 sumusne
361 1970 428 2004 aut
445 1966 551 2004 illum
570 1967 732 2004 Marium
750 1967 871 2004 virum
886 1968 1026 2006 bonum
1042 1969 1223 2019 judicare,
1238 1974 1304 2008 aut
1317 1969 1448 2007 hunc‘?

164 2026 321 2077 Explica
339 2030 453 2077 atque
473 2030 609 2064 excute
628 2026 912 2078 intelligentiam
938 2032 1053 2072 tuam,
1075 2032 1118 2066 ut
1137 2029 1275 2073 videas,
1296 2042 1382 2080 quae
1404 2029 1450 2066 sit

164 2085 203 2122 in
221 2098 266 2123 ea
283 2085 441 2137 species,
460 2085 581 2124 forma
601 2091 639 2124 et
658 2086 760 2124 notio
779 2087 847 2125 viri
865 2088 962 2126 boni.
1019 2088 1131 2126 Cadit
1158 2102 1249 2141 ergo
1275 2090 1450 2127 invvirum
1470 2093 1492 2127 9

166 2145 306 2183 bonum
332 2145 479 2183 mentiri
506 2147 750 2184 emolumenti
777 2147 834 2185 sui
862 2160 987 2193 causa,
1010 2148 1205 2194 criminari,
1228 2150 1446 2200 praeripere,

166 2204 325 2242 fallere?
379 2205 484 2243 Nihil
503 2206 673 2256 profecto
692 2206 826 2245 minus.
882 2208 952 2246 Est
971 2221 1062 2260 ergo
1081 2209 1158 2246 ulla
1177 2222 1236 2247 res
1256 2209 1361 2252 tanti,
1384 2212 1449 2245 aut
1471 2213 1518 2246 10

166 2263 407 2302 commodum
424 2265 544 2303 ullum
562 2270 640 2303 tam
660 2266 927 2317 expetendum,
948 2272 991 2305 ut
1011 2268 1078 2306 viri
1104 2269 1191 2306 boni
1211 2273 1249 2306 et
1274 2267 1448 2318 splendo-

166 2335 243 2360 rem
262 2328 300 2361 et
318 2336 454 2361 nomen
473 2325 653 2364 amittas?
710 2327 809 2372 Quid
829 2332 897 2372 est,
919 2329 1021 2379 quod
1049 2329 1181 2365 afferre
1208 2332 1357 2365 tantum
1377 2327 1447 2364 uti-
1471 2331 1511 2365 1]

165 2382 250 2420 litas
279 2383 362 2427 ista,
390 2396 475 2434 quae
502 2384 648 2430 dicitur,
679 2387 807 2437 possit,
829 2392 1012 2438 quantum
1040 2388 1197 2431 auferre,
1219 2387 1248 2424 si
1277 2386 1364 2424 boni
1383 2386 1450 2424 viri

166 2454 303 2481 nomen
321 2442 509 2494 eripuerit,
529 2444 643 2483 fidem
663 2446 923 2496 justitiamque
942 2446 1175 2484 detraxerit?
1231 2446 1332 2491 Quid
1351 2446 1450 2484 enim
1471 2449 1518 2485 12
