1674 2754
621 213 734 238 unna
752 213 809 238 111.
866 212 954 238 CAP.
975 214 1010 238 x.
1441 200 1490 240 9'1

135 299 171 340 si
186 300 326 338 habeat
345 299 503 350 sapiens,
524 299 638 337 nihilo
657 299 744 350 plus
772 299 842 337 sibi
860 299 970 336 licere
991 303 1100 349 putet
1120 311 1288 349 peccare,
1309 311 1423 349 quam

137 360 169 398 si
185 373 260 398 non
277 360 444 397 haberet.
501 359 672 396 Honesta
691 359 790 396 enim
816 359 921 396 bonis
941 358 1038 402 viris,
1058 371 1133 395 non
1153 359 1301 395 occulta
1320 372 1421 408 quae-

136 424 279 457 runtur.
335 419 466 469 Atque
486 419 558 456 hoc
577 419 659 456 loco
679 419 893 469 philosophi
911 418 1075 469 quidam,
1096 418 1246 454 minime
1265 419 1353 455 mali
1371 419 1424 456 illi
1443 425 1466 457 5

136 478 298 530 quidem,
313 478 380 515 sed
399 491 474 515 non
493 479 582 516 satis
602 479 714 522 acuti,
733 479 859 515 fictam
879 483 917 515 et
937 478 1237 515 commenticiam
1256 478 1423 515 fabulam

138 539 324 590 prolatam
357 538 486 576 dicunt
517 551 539 574 a
568 539 749 576 Platone:
780 538 887 588 quasi
905 550 994 575 vero
1023 538 1095 582 ille,
1117 542 1195 574 aut*
1212 537 1356 574 factum
1386 537 1424 574 id

143 610 230 643 esse,
251 603 317 636 aut
342 598 421 636 fieri
452 598 618 649 potuisse
649 598 839 636 defendat.
897 598 995 635 Haec
1023 602 1081 635 est
1101 597 1156 635 vis
1183 598 1300 648 hujus
1325 597 1425 634 anuli
1446 602 1467 635 6

146 663 176 697 =.t
204 659 318 710 hujus
349 658 523 708 exempli,
553 658 584 695 si
610 670 721 695 nemo
751 658 924 702 sciturus,
951 670 1062 695 nemo
1090 670 1137 694 ne
1166 657 1425 708 suspicaturus

149 718 290 769 guidem
317 718 376 762 sit,
403 731 490 755 cum
519 717 660 767 ahquid
691 717 915 761 divitiarum,
937 718 1128 768 potentiae,
1150 717 1423 761 dominationis,

152 777 296 816 :bidinis
326 790 440 816 causa
469 777 612 820 feceris,
635 777 664 814 si
691 777 730 814 id
758 777 828 814 diis
858 777 1148 828 hominibusque
1178 777 1350 814 futurum
1378 777 1426 814 sit

156 850 287 888 emper
296 838 478 889 ignotum,
492 837 589 874 sisne
603 837 784 875 facturus.
822 837 979 888 Negant
990 837 1028 874 id
1041 837 1120 874 fieri
1133 849 1254 888 posse.
1285 837 1425 882 Quam·
1447 837 1467 875 7

147 910 251 948 luam
280 901 406 948 potest
424 897 463 934 id
482 896 656 947 quidem:
686 896 755 934 sed
783 909 923 946 quaero,
944 896 1047 947 quod
1075 902 1218 948 negant
1244 909 1365 948 posse,
1386 897 1425 934 id

137 957 169 995 ni
187 961 326 1007 posset,
348 956 530 1007 quidnam
547 956 747 994 facerent?
803 957 953 1007 Urgent
980 957 1119 994 rustice
1139 969 1253 994 sane:
1283 962 1425 1008 negant
1447 961 1468 995 8

137 1017 236 1054 enim
255 1029 377 1067 posse,
399 1021 437 1053 ct
455 1016 493 1053 in
511 1029 555 1053 eo
575 1020 756 1067 perstant.
813 1016 897 1054 Hoc
916 1017 1072 1054 verbum
1087 1017 1177 1067 quid
1197 1017 1331 1061 valeat,
1351 1030 1425 1054 non

137 1076 274 1115 vident.
333 1076 430 1113 Cum
450 1076 547 1113 enim
576 1076 791 1126 quaerimUS,
813 1076 845 1113 si
864 1077 984 1113 celare
1005 1077 1159 1127 possint,
1180 1076 1271 1126 quid
1290 1077 1427 1127 facturi
1447 1081 1470 1114 9

137 1136 221 1180 sint,
235 1149 309 1173 non
328 1136 544 1186 quaerimus,
558 1136 750 1186 possintne
771 1137 915 1179 celare;
936 1136 1004 1173 sed
1024 1142 1219 1186 tamquam
1239 1141 1427 1174 tormenta

137 1195 314 1246 quaedam
342 1195 577 1239 adhibemus,
598 1200 652 1238 ut,
674 1195 704 1232 si
723 1195 998 1246 responderint,
1019 1208 1071 1239 se,
1092 1196 1319 1247 impunitate
1340 1210 1425 1247 pro-

137 1255 270 1307 posita,
289 1255 455 1293 facturos
474 1254 577 1305 quod
596 1255 785 1305 expediat,
802 1255 1031 1293 facinorosos
1051 1269 1091 1294 se
1112 1269 1194 1293 esse
1213 1257 1424 1294 fateantur:

137 1315 169 1353 si
185 1320 336 1366 negent,
357 1315 482 1353 omnia
500 1314 626 1366 turpia
645 1327 713 1366 per
732 1328 772 1353 se
791 1315 874 1366 ipsa
902 1315 1083 1368 fugienda
1102 1329 1184 1354 esse
1205 1317 1424 1355 concedant.

137 1375 216 1414 Sed
231 1375 313 1427 jam
332 1375 382 1413 ad
402 1375 640 1426 propositum
657 1380 903 1414 revertamur.

190 1494 237 1532 X.
267 1494 444 1532 Incidunt
475 1494 607 1531 multae
631 1507 734 1545 saepe
754 1507 890 1539 causae,
913 1508 1000 1546 quae
1028 1496 1254 1534 conturbent
1283 1497 1427 1535 animos

138 1554 308 1592 utilitatis
326 1553 473 1604 speoie3
503 1566 592 1598 non,
619 1567 706 1591 cum
724 1554 797 1592 hoc
817 1555 1056 1599 deliberetur,
1076 1556 1366 1607 relinquendane
1381 1558 1428 1594 sit

139 1613 316 1650 honestas
335 1617 491 1664 propter
502 1613 674 1651 utilitatis
692 1614 992 1664 magnitudinem
1008 1614 1112 1666 (nam
1131 1616 1170 1653 id
1189 1615 1342 1666 quidem
1360 1616 1426 1653 im-

139 1673 302 1724 probum
320 1671 393 1724 est)
415 1672 483 1710 sed
511 1673 615 1716 illud,
638 1674 805 1723 possitne
833 1673 882 1718 id,
904 1674 1006 1725 quod
1026 1675 1116 1712 utile
1136 1675 1319 1719 videatur,
1350 1677 1427 1714 fieri

139 1745 215 1770 non
232 1733 405 1783 turpiter.
461 1733 560 1770 Cum
575 1733 761 1771 Collatino
776 1734 933 1785 collegae
947 1735 1089 1772 Brutus
1104 1735 1300 1786 imperium
1318 1737 1426 1773 abro-
1448 1741 1470 1774 2

139 1793 269 1845 gabat,
290 1797 440 1844 poterat
458 1792 576 1831 videri
593 1793 717 1831 facere
736 1793 885 1844 injuste.
941 1795 1082 1832 Fuerat
1101 1795 1199 1832 enim
1217 1795 1254 1832 in
1273 1796 1426 1847 regibus

139 1852 370 1904 expellendis
389 1853 511 1890 socius
530 1853 638 1891 Bruti
657 1854 894 1891 consiliorum
909 1859 947 1891 et
966 1854 1130 1906 adjutor.
1187 1855 1285 1893 Cum
1299 1860 1427 1893 autem

139 1913 332 1951 consilium
351 1913 424 1951 hoe
444 1912 632 1964 principes
660 1914 860 1964 cepissent,
887 1915 1150 1966 cognationem
1171 1915 1335 1966 Superbi
1361 1929 1426 1953 no-

138 1985 300 2024 menque
323 1973 609 2024 Tarquiniorum
637 1978 676 2011 et
703 1974 922 2012 memoriam
950 1975 1058 2026 regni
1085 1987 1168 2012 esse
1195 1975 1423 2019 tollendami

139 2032 241 2083 quod
268 2037 350 2070 erat
380 2033 483 2077 utile,
505 2033 638 2084 patriae
667 2034 871 2078 consulere,
892 2035 933 2072 id
961 2039 1043 2072 erat
1069 2035 1122 2072 ita
1150 2035 1361 2080 honestum,
1383 2041 1426 2075 ut

139 2092 252 2130 etiam
269 2093 339 2144 ipsi
360 2093 550 2131 Collatino
579 2093 729 2144 placere
757 2094 924 2133 deberet.
981 2095 1117 2146 Itaque
1144 2095 1285 2133 utilitas
1311 2096 1426 2134 v-aluit
1447 2100 1469 2136 3

140 2156 297 2203 propter
323 2152 572 2198 honestatem,
604 2153 682 2191 sinc
713 2167 789 2204 qua
819 2167 866 2192 ne
893 2155 1035 2192 utilitas
1065 2155 1218 2206 quidem
1247 2168 1330 2194 esse
1359 2169 1425 2207 po-

140 2211 284 2250 tuisset.
338 2211 394 2250 At
412 2211 450 2250 in
464 2225 508 2250 eo
527 2225 630 2264 rege,
650 2214 713 2265 qui
731 2214 866 2252 urbem
885 2215 1063 2259 condidit,
1079 2228 1154 2252 non
1173 2216 1273 2253 item.
1331 2216 1424 2266 Spe·
1446 2219 1469 2252 4

140 2271 216 2310 cies
234 2271 333 2309 enim
344 2271 516 2310 utilitatis
535 2272 702 2312 animum
715 2274 861 2325 pepulit
872 2275 955 2326 ejus
972 2287 979 2312 ε
1010 2275 1068 2313 cui
1089 2288 1176 2312 c-um
1190 2275 1310 2312 visum
1326 2279 1427 2312 esset

139 2331 278 2376 utilius,
299 2331 434 2376 solum,
455 2344 569 2382 quam
597 2347 684 2372 cum
704 2335 822 2372 altero
850 2348 1019 2386 regnare,
1041 2335 1197 2372 fratrem
1225 2334 1424 2372 interemit.

141 2391 277 2430 Omisit
304 2391 364 2429 hic
392 2396 432 2429 et
459 2391 639 2443 pietatem
667 2399 705 2432 et
733 2394 1015 2439 humanitatem,
1050 2399 1093 2432 ut
1122 2394 1173 2439 id,
1202 2393 1305 2444 quod
1333 2393 1425 2432 utile
1446 2399 1470 2434 5

139 2450 349 2496 videbatur,
362 2463 486 2502 neque
504 2457 595 2497 erat,
611 2454 760 2505 assequi
777 2459 929 2502 posset:
959 2459 995 2492 et
1013 2459 1137 2492 tamen
1155 2453 1253 2491 muri
1272 2465 1427 2493 causam

488 2512 511 2545 9
