1674 2754
150 183 200 218 66
700 192 750 216 m:
780 191 948 218 OFF1011s

153 281 198 315 16
221 278 316 323 Quae
330 277 361 316 si
375 277 516 328 populo
531 278 701 316 Romano
719 278 857 329 injuste
875 277 1075 328 imperanti
1093 277 1262 316 accidere
1281 282 1492 329 potuerunt

220 338 310 388 quid
330 338 469 375 debent
488 343 625 388 putare
645 338 811 390 singuli?

152 397 198 435 17
273 397 384 443 Quod
417 411 503 435 cum
535 398 775 448 perspicuum
808 398 866 441 sit,
897 397 1154 434 benivolentiae
1190 397 1267 434 vim
1304 411 1385 435 esse
1421 410 1498 434 ma-

219 470 345 508 gnam,
366 463 489 495 metus
508 458 732 495 imbecillam
748 469 756 494 :
786 457 952 507 sequitur
971 461 1014 494 ut
1034 457 1268 501 disseramus,
1289 457 1423 507 quibus
1442 470 1498 494 re-

218 518 290 555 bus
321 517 495 555 facillime
529 517 713 568 possimus
746 530 840 560 eam,
872 529 986 567 quam
1017 517 1201 560 volumus,
1231 517 1386 567 adipisci
1413 530 1500 555 cum

218 577 359 615 honore
378 582 416 615 et
434 578 509 614 fide
529 577 731 615 caritatem.
772 577 848 614 Sed
868 589 913 614 ea
931 589 1006 614 non
1024 577 1164 627 pariter
1183 589 1311 613 omnes
1331 568 1499 627 egemus.

152 641 198 675 18
219 638 319 675 Nam
348 638 397 675 ad
427 638 609 688 cujusque
627 637 744 674 vitam
771 637 980 674 institutam
1008 636 1371 673 accommodandum
1389 641 1457 680 est,
1479 649 1502 673 a

151 702 198 736 19
217 698 392 735 multisne
411 710 507 748 opus
526 698 584 741 sit,
605 710 653 734 an
671 697 760 734 satis
780 697 828 734 sit
846 709 868 733 a
888 697 1016 747 paucis
1042 696 1156 747 diligi.
1214 696 1371 733 Certum
1389 696 1502 747 igitur

218 758 290 795 hoc
309 758 367 801 sit,
387 757 501 807 idque
520 761 559 794 et
587 757 749 807 primum
776 761 814 794 et
841 756 1001 794 maxime
1031 756 1294 799 necessarium,
1314 756 1501 794 familiari-

218 822 316 854 tates
334 817 474 854 habere
493 816 588 853 fidas
616 816 820 853 amantium
837 829 906 853 nos
926 816 1130 853 amicorum
1151 820 1188 853 et
1207 821 1338 853 nostra
1365 815 1501 852 miran-

149 881 199 915 20
219 877 322 914 tium.
380 876 476 914 Haec
497 876 594 912 enim
614 881 671 912 est
698 888 774 912 una
801 888 860 912 res
889 888 1041 926 prorsus
1060 881 1104 912 ut
1122 888 1196 912 non
1214 876 1377 912 multum
1397 875 1502 912 diffe-

218 941 276 973 rat
294 936 391 973 inter
409 948 574 973 summos
595 940 633 972 et
652 935 860 972 mediocres
874 935 994 978 viros;
1015 947 1133 985 eaque
1152 935 1320 984 utlisque
1340 940 1398 971 est
1417 947 1503 984 pro-

150 1000 194 1034 21
219 996 424 1047 pemodum
456 995 720 1045 comparanda.
776 994 929 1032 Honore
962 1000 1000 1032 ct
1032 994 1151 1046 gloria
1184 1000 1222 1031 et
1255 994 1505 1032 benivolentia

219 1057 352 1094 civium
371 1056 528 1093 fortasse
547 1068 622 1093 non
641 1067 747 1105 oeque
766 1068 894 1092 omnes
914 1059 1037 1105 egent,
1054 1054 1120 1092 sed
1140 1058 1266 1092 tamen
1285 1055 1315 1091 si
1336 1053 1396 1092 cui
1414 1054 1500 1092 haec

219 1121 437 1167 suppetunt,
459 1116 641 1166 adjuvant
660 1115 891 1165 aliquantum
920 1120 1001 1152 tum
1019 1114 1069 1151 ad
1089 1119 1224 1158 cetera,
1244 1118 1327 1152 tum
1345 1113 1395 1151 ad
1413 1113 1503 1150 ami-

219 1176 322 1215 citias
342 1175 624 1227 comparandas.

271 1295 339 1333 IX.
369 1294 447 1332 Sed
477 1295 524 1332 de
555 1293 715 1331 amicitia
742 1293 813 1330 alio
841 1293 935 1331 libro
954 1292 1099 1330 dictum
1119 1297 1187 1337 est,
1208 1292 1271 1343 qui
1290 1292 1505 1330 inscribitur

219 1355 367 1392 Laelius.
423 1354 534 1392 Nunc
565 1354 733 1391 dicamus
761 1353 809 1390 de
834 1353 920 1404 glo
933 1353 1019 1397 ria,
1040 1365 1272 1403 quamquam
1291 1365 1335 1390 ea
1354 1364 1504 1402 quoque

219 1415 266 1453 de
285 1428 325 1452 re
342 1415 418 1452 duo
434 1420 522 1452 sunt
541 1414 657 1451 nostri
676 1413 780 1451 libri:
803 1413 870 1450 sed
889 1413 1129 1464 attingamus,
1144 1412 1446 1463 quandoquidem
1460 1423 1505 1448 ea

177 1480 199 1513 2
219 1475 257 1512 in
269 1476 382 1513 rebus
396 1474 601 1525 majoribus
616 1473 917 1510 administrandis
932 1473 1089 1523 adjuvat
1104 1473 1316 1523 plurimum.
1350 1471 1506 1509 Summa

219 1535 333 1586 igitur
352 1539 389 1571 et
409 1534 577 1585 perfecta
604 1533 723 1585 gloria
743 1537 890 1570 constat
909 1545 955 1569 ex
974 1533 1094 1570 tribus
1113 1532 1192 1569 his:
1222 1532 1252 1568 si
1271 1531 1392 1582 diligit
1409 1530 1504 1568 mul-

221 1594 355 1638 titudo,
376 1595 407 1631 si
434 1594 547 1631 fidem
574 1594 702 1638 habet,
723 1593 754 1630 si
781 1606 868 1630 cum
897 1593 1140 1630 admiratione
1171 1591 1334 1642 quadam
1361 1591 1506 1629 honore

177 1660 199 1692 3
221 1655 354 1706 dignos
374 1659 495 1705 putat.
551 1654 644 1691 Haec
664 1658 804 1697 autem,
825 1653 855 1690 si
874 1658 932 1690 est
951 1652 1168 1703 simpliciter
1195 1651 1431 1701 breviterque
1451 1650 1504 1688 di-

221 1715 392 1758 cendum,
423 1714 558 1764 quibus
588 1714 702 1751 rebus
733 1713 929 1764 pariuntur
958 1725 980 1749 a
1011 1712 1178 1762 singulis,
1210 1711 1351 1748 eisdem
1378 1710 1457 1748 fere
1483 1722 1506 1747 a

220 1774 468 1812 multitudine.
524 1773 603 1810 Sed
622 1778 679 1810 est
698 1773 791 1810 alius
817 1785 968 1822 quoque
995 1772 1149 1821 quidam
1168 1771 1292 1808 aditus
1312 1770 1361 1807 ad
1379 1769 1505 1807 multi-

221 1834 400 1877 tudinem,
421 1838 464 1870 ut
482 1832 519 1870 in
537 1832 796 1870 universorum
815 1831 956 1869 animos
984 1836 1179 1881 tamquam
1204 1830 1359 1867 influere
1388 1829 1506 1880 possi-

221 1907 315 1931 mus.

186 1957 203 1991 t
274 1953 335 1991 Ac
366 1952 527 2003 primum
557 1951 605 1989 de
632 1951 702 1989 illis
730 1951 860 1995 tribus,
882 1964 968 2002 quae
995 1954 1081 1987 ante
1100 1949 1187 1994 dixi,
1211 1953 1232 1987 b
1245 1962 1265 1986 e
1277 1948 1359 1986 niv
1372 1961 1394 1986 o
1406 1948 1419 1986 l
1431 1960 1505 1985 en-

223 2013 307 2051 tiae
346 2017 538 2063 praecepta
570 2011 783 2049 videamus:
824 2024 908 2061 quae
948 2010 1102 2061 quidem
1140 2009 1287 2060 capitur
1319 2008 1506 2046 beneficiis

223 2073 408 2109 maxime:
439 2071 604 2109 secundo
634 2077 761 2108 autem
790 2071 874 2108 loco
893 2070 1062 2108 benefica
1079 2069 1272 2107 voluntate
1292 2069 1505 2106 benivolen-

184 2139 204 2172 5
224 2133 275 2170 tia
293 2137 476 2175 movetur,
492 2131 636 2168 etiamsi
655 2144 714 2168 res
732 2132 829 2168 forte
849 2143 923 2168 non
944 2129 1123 2180 suppetit.
1166 2129 1423 2166 Vehementer
1441 2141 1505 2166 au-

225 2198 302 2230 tem
321 2205 426 2229 amor
444 2191 694 2229 multitudinis
723 2195 980 2229 commovetur
998 2190 1080 2240 ipsa
1098 2190 1200 2226 fama
1219 2194 1257 2226 et
1276 2189 1447 2240 opinione
1465 2188 1506 2225 li-

225 2253 440 2296 beralitatis,
474 2251 740 2294 beneficentiae,
772 2251 938 2301 justitiae,
973 2249 1071 2293 fidei,
1105 2249 1346 2299 omniumque
1379 2261 1508 2286 earum

225 2313 419 2356 virtutum,
439 2325 525 2362 quae
546 2311 732 2362 pertinent
751 2311 799 2347 ad
819 2309 1145 2347 mansuetudinem
1170 2322 1319 2346 morum
1345 2321 1390 2346 ac
1419 2307 1507 2345 faci-

184 2376 205 2411 (ἲ
225 2373 379 2410 litatem.
435 2371 583 2408 Etenim
615 2370 708 2408 illud
737 2371 873 2421 ipsum,
893 2369 996 2421 quod
1024 2369 1225 2406 honestum
1253 2368 1508 2418 decorumque

226 2432 395 2476 dicimus,
416 2431 502 2483 quia
521 2444 588 2482 per
606 2444 646 2469 se
665 2430 772 2469 nobis
791 2431 928 2481 placet,
948 2429 1164 2480 animosque
1191 2428 1356 2467 omnium
1375 2431 1509 2466 natura
