1674 2754
639 207 751 230 mmm
769 207 808 244 1!-
866 206 952 231 cAP.
976 207 1029 231 111.
1458 199 1507 233 59

157 291 247 342 quid
267 296 456 341 sequatur.
512 292 607 337 Quae
625 291 722 329 enim
742 296 842 330 esset
865 292 937 329 ista
955 304 1072 336 mens,
1093 292 1152 330 vel
1171 306 1257 343 quae
1276 293 1352 331 vita
1371 306 1436 344 po-
1459 297 1506 331 12

159 351 242 396 tius,
259 363 333 388 non
346 350 460 388 modo
475 351 703 402 disputandi,
718 351 785 389 sed
800 352 913 389 etiam
927 352 1076 389 vivendi
1094 352 1236 389 ratione
1256 353 1435 390 sublata?

157 410 238 448 Nos
266 415 404 454 autem,
425 415 469 448 ut
497 411 609 449 ceteri
637 411 709 449 alia
737 416 850 456 certa,
871 412 943 449 alia
961 412 1102 449 incerta
1121 424 1203 449 esse
1223 412 1363 456 dicunt,
1385 413 1435 450 sie
1459 417 1506 451 13

155 470 204 508 ab
217 470 274 507 his
289 470 560 516 dissentientes,
576 471 647 509 alia
662 471 882 522 probabilia,
899 476 1029 510 contra
1043 472 1115 509 alia
1129 472 1298 509 dicimus.
1338 473 1438 517 Quid
1459 476 1506 510 14

154 534 214 567 est
231 529 356 582 igitur,
372 530 475 580 quod
493 543 555 568 me
574 531 766 582 impediat,
783 544 828 569 ea
846 544 933 582 quae
951 532 1159 582 probabilia
1177 531 1269 570 mihi
1286 532 1436 570 videan-

154 593 227 634 tur,
248 590 383 640 sequi?
412 603 498 640 quae
527 595 668 634 contra,
689 591 902 642 improbare
918 604 926 636 ;
955 596 1070 642 atque
1099 591 1308 629 affirmandi
1336 605 1436 630 arro-

153 649 320 700 gantiam
337 649 530 694 vitantem,
549 650 682 701 fugere
701 651 964 696 temeritatem,
984 664 1071 702 quae
1089 664 1111 688 a
1130 652 1313 702 sapientia
1331 652 1436 689 dissi-

153 709 220 747 det
248 709 483 760 plurimum‘?
539 710 682 747 Contra
708 715 837 748 autern
864 712 988 749 omnia
1009 712 1224 762 disputatur
1248 725 1270 749 a
1289 713 1436 756 nostris,
1460 717 1506 751 15

153 769 256 819 quod
274 769 346 807 hoc
364 769 488 820 ipsum
506 770 701 821 probabile
719 771 867 809 elucere
885 785 960 809 non
978 772 1107 822 possit,
1124 772 1193 809 nisi
1211 785 1258 809 ex
1277 776 1437 822 utraque

153 833 260 880 parte
285 841 482 867 causarum
508 834 609 868 esset
635 831 737 868 faeta
764 832 961 869 eontentio.
1018 832 1095 870 Sed
1126 832 1209 869 haec
1238 833 1438 882 explanata
1460 836 1506 869 16

152 893 241 927 sunt
258 889 295 926 in
312 889 551 927 Academicis
570 891 706 927 nostris
725 891 826 935 satis,
847 896 890 929 ut
909 891 1080 936 arbitror,
1101 891 1307 942 diligenter.
1356 892 1438 930 Tibi
1459 892 1505 930 17

152 953 291 993 autem,
312 949 363 986 mi
383 949 526 993 Cicero,
548 962 777 1000 quamquam
796 951 833 988 in
852 951 1110 1001 antiquissima
1134 951 1438 1002 nobilissimaque

154 1008 403 1060 philosophia,
439 1009 622 1060 Cratippo
660 1014 825 1054 auctore,
861 1011 1029 1054 versaris,
1064 1011 1107 1048 iis
1145 1011 1340 1055 simillimo,
1374 1012 1438 1062 qui

152 1068 224 1106 ista
243 1069 426 1118 praeclara
444 1073 672 1119 pepererunt
687 1081 696 1113 ;
718 1074 844 1107 tamen
862 1070 947 1108 haec
962 1075 1101 1114 nostra,
1118 1070 1273 1107 finitima
1291 1072 1436 1116 vestris,

152 1128 282 1179 ignota
299 1140 382 1166 esse
399 1128 513 1166 nolui.
570 1128 648 1166 Sed
663 1129 744 1179 jam
763 1129 813 1167 ad
832 1129 1004 1167 instituta
1022 1142 1238 1181 pergamus.

204 1247 278 1285 ΙΙΙ.
301 1247 474 1298 Quinque
488 1247 604 1298 igitur
616 1247 822 1286 rationibus
837 1249 1038 1300 propositis
1053 1249 1162 1287 officii
1176 1250 1436 1300 persequendi,

149 1319 310 1358 quarum
318 1307 406 1345 duae
417 1307 467 1344 ad
475 1308 591 1345 decus
602 1308 914 1359 honestatemque
927 1309 1167 1359 pertinerent,
1179 1310 1267 1347 duae
1279 1310 1328 1347 ad
1337 1323 1437 1348 com-

150 1367 264 1405 moda
282 1367 380 1412 vitae,
404 1367 542 1418 copias,
563 1380 668 1418 opes,
688 1369 902 1414 facultates,
923 1369 1054 1420 quinta
1073 1369 1123 1407 ad
1149 1370 1311 1421 eligendi
1336 1371 1436 1421 judi-

151 1427 261 1472 cium,
291 1428 322 1465 si
348 1428 499 1478 quando
527 1441 583 1472 ea,
605 1441 690 1478 quae
716 1428 804 1473 dixi,
825 1442 998 1480 pugnare
1024 1430 1121 1467 inter
1140 1443 1180 1467 se
1199 1430 1436 1468 viderentur:

151 1487 358 1525 honestatis
377 1500 465 1539 pars
480 1488 652 1526 confecta
667 1492 735 1532 est,
752 1501 867 1538 quam
883 1489 1034 1539 quidem
1054 1490 1122 1527 tibi
1141 1490 1252 1540 cupio
1272 1503 1354 1528 esse
1373 1503 1436 1528 no-

151 1547 344 1585 tissimam.
401 1547 485 1585 Hoc
513 1552 652 1591 autem,
675 1548 723 1585 de
743 1561 818 1598 quo
843 1561 941 1586 nunc
970 1549 1128 1600 agimUS,
1148 1549 1187 1586 id
1215 1550 1340 1600 ipsum
1367 1554 1435 1593 est,
1458 1554 1480 1587 2

151 1607 254 1657 quod
284 1606 398 1644 utile
428 1607 651 1657 appellatur.
707 1607 753 1644 In
782 1621 858 1657 quo
886 1608 993 1659 lapsa
1024 1609 1257 1646 consuetudo
1284 1609 1437 1647 deflexit
1457 1614 1479 1647 3

151 1666 202 1704 de
226 1667 296 1710 via,
322 1667 533 1717 sensimque
561 1679 606 1704 eo
634 1666 800 1705 deducta
827 1673 896 1712 est,
925 1673 969 1706 ut
996 1669 1233 1706 honestatem
1261 1669 1309 1707 ab
1338 1669 1435 1707 utili-

152 1730 230 1763 tate
250 1738 446 1764 seeernens
466 1726 720 1771 constitueret,
737 1740 819 1766 esse
838 1728 1039 1765 honestum
1058 1729 1208 1779 aliquid,
1225 1728 1327 1779 quod
1347 1729 1437 1766 utile

152 1798 226 1823 non
245 1791 354 1831 esset,
376 1791 414 1824 et
441 1786 543 1830 utile,
565 1787 667 1837 quod
686 1799 762 1824 non
787 1788 1009 1825 honestum:
1039 1801 1114 1839 qua
1133 1789 1236 1825 nulla
1256 1789 1436 1839 pernicies

151 1846 272 1897 major
290 1846 484 1884 hominum
502 1847 590 1884 vitae
610 1847 734 1897 potuit
752 1848 885 1885 afferri.
933 1848 1090 1886 Summa
1105 1848 1258 1899 quidem
1276 1849 1435 1886 auctori-
1456 1852 1479 1886 4

153 1910 234 1944 tate
262 1906 490 1958 philosophi,
511 1919 640 1944 severe
668 1920 757 1945 sane
783 1912 898 1959 atque
916 1908 1085 1952 honeste,
1108 1909 1190 1946 haee
1210 1908 1281 1946 tria
1299 1921 1438 1960 genera

152 1966 319 2011 confusa,
340 1967 566 2018 cogitatione
585 1967 832 2019 distinguunt.
889 1968 1076 2019 Quicquid
1096 1968 1192 2006 enim
1210 1968 1356 2019 justum
1375 1968 1434 2014 sit,
1456 1974 1479 2007 5

151 2026 190 2064 id
204 2026 318 2065 etiam
330 2027 421 2064 utile
436 2039 518 2065 esse
532 2032 705 2065 censent:
734 2028 898 2079 itemque
913 2028 1015 2078 quod
1030 2029 1241 2073 honestum,
1256 2028 1357 2066 idem
1373 2028 1434 2080 ju-

152 2090 264 2125 stum.
320 2087 380 2124 Ex
398 2099 474 2137 quo
493 2087 663 2132 efficitur,
684 2092 738 2132 ut,
759 2087 937 2139 quicquid
964 2088 1165 2126 honestum
1192 2088 1251 2133 sit,
1271 2088 1370 2126 idem
1389 2088 1437 2126 sit

152 2146 254 2184 utile.
310 2147 421 2192 Quod
440 2147 504 2198 qui
529 2160 663 2198 parum
683 2148 925 2199 perspiciunt,
946 2148 985 2186 hi
1004 2161 1106 2199 saepe
1126 2153 1297 2187 versutos
1317 2148 1434 2187 homi·
1456 2152 1478 2186 6

152 2218 220 2243 nes
251 2210 290 2244 et
320 2207 472 2245 callidos
505 2207 744 2253 admirantes,
779 2209 960 2246 malitiam
997 2208 1218 2259 sapientiam
1251 2208 1434 2260 judicant.

153 2266 324 2311 Quorum
343 2279 445 2304 error
463 2267 676 2318 eripiendus
695 2272 764 2312 est,
788 2269 988 2319 opinioque
1016 2269 1136 2306 omnis
1155 2269 1205 2306 ad
1225 2281 1307 2306 cam
1328 2281 1433 2318 spem
1457 2268 1477 2305 7

153 2325 398 2371 traducenda,
417 2331 462 2364 ut
485 2327 652 2365 honestis
673 2328 832 2366 consiliis
858 2329 1047 2380 justisque
1066 2329 1186 2373 factis,
1207 2341 1281 2365 non
1302 2327 1435 2364 fraude

152 2391 192 2424 et
209 2385 361 2430 malitia,
382 2398 422 2423 se
440 2386 649 2438 intelligant
667 2400 722 2432 oa,
745 2401 831 2438 quoe
850 2389 976 2433 velint,
999 2388 1176 2438 consequi
1196 2400 1318 2438 posse.

207 2446 304 2491 Quae
333 2458 425 2497 ergo
451 2446 501 2485 ad
527 2447 644 2486 vitam
675 2448 869 2486 hominum
901 2448 1084 2486 tuendam
1117 2447 1316 2497 pertinent,
1347 2459 1432 2497 par·
1454 2450 1478 2484 8
