1674 2754
114 189 165 224 30
617 203 621 207 ·
664 199 713 222 nn
741 197 910 223 orrrcus

115 287 162 322 13
183 283 230 321 In
239 282 410 320 omnibus
425 294 552 320 autem
565 284 736 334 negotiis,
751 283 853 334 prius
868 295 982 333 quam
996 283 1230 333 aggrediare,
1245 282 1459 321 adhibenda

183 347 241 379 est
259 343 484 394 praeparatio
504 343 673 394 diligens.

233 447 360 485 XXII.
390 447 467 485 Sed
495 461 580 485 eum
606 448 772 498 plerique
791 447 1028 491 arbitrentur,
1049 460 1109 484 res
1128 447 1279 485 bellicas
1297 447 1459 498 majores

140 510 161 544 2
182 519 274 550 esse,
288 520 402 557 quam
421 520 447 544 u
458 521 476 544 r
488 507 512 544 b
526 520 547 544 a
559 521 582 544 n
595 520 616 544 a
629 521 646 544 s
659 537 668 551 ,
689 506 890 544 minuenda
905 512 962 543 est
975 507 1060 544 haee
1074 507 1209 557 opinio.
1237 507 1348 544 Multi
1361 507 1459 544 enim

182 567 281 604 bella
300 579 402 617 saepe
421 567 649 617 quaesierunt
676 572 831 617 propter
858 566 988 617 gloriae
1015 566 1273 617 cupiditatem.
1328 567 1459 617 Atque

181 626 220 663 id
238 626 277 663 in
295 628 441 677 magnis
460 627 590 663 animis
608 626 839 677 ingeniisque
867 626 1088 676 plerumque
1108 626 1310 677 contingit:
1341 639 1459 676 eoque

181 686 313 736 magis,
335 686 365 723 si
384 691 472 723 sunt
490 686 540 723 ad
559 699 638 723 rem
657 686 855 723 militarem
873 685 953 735 apti
972 690 1010 722 et
1029 685 1156 736 cupidi
1183 686 1368 724 bellorum
1395 698 1459 736 ge-

138 749 160 782 3
180 746 392 783 rendorum.
448 746 548 783 Vere
567 751 696 783 autem
722 746 753 782 si
771 745 944 782 volumus
969 745 1150 795 judicare,
1171 745 1302 782 multae
1321 758 1380 782 res
1398 758 1459 782 ex—

138 809 160 841 4
180 805 335 842 titerunt
354 805 509 842 urbanae
527 806 687 855 majores
708 805 962 857 clarioresque·
976 817 1090 859 quam
1108 805 1263 855 bellicae.
1321 805 1457 849 Quam-

180 865 235 901 vis
267 864 365 901 enim
397 865 665 916 Themistocles
698 865 783 915 jure
819 863 1005 907 laudetur,
1035 869 1074 901 et
1110 864 1158 901 sit
1195 864 1296 914 ejus*
1313 877 1461 909 nomen,

181 936 294 973 quam
321 923 480 976 Solonis,
499 924 690 967 illustrius,
712 924 920 972 citeturque
945 923 1105 960 Salamis
1125 924 1337 960 clarissimae
1355 924 1462 961 testis

181 983 356 1027 victoriae,
378 995 463 1033 quae
489 988 740 1033 anteponatur
769 984 920 1021 consilio
948 982 1094 1020 Solonis
1123 983 1167 1027 ei,
1197 996 1271 1033 quo
1299 983 1462 1033 primum

182 1034 373 1080 constituit
391 1043 666 1093 Areopagitas:
697 1056 772 1080 non
790 1043 912 1080 minus
932 1043 1155 1094 praeelarum
1182 1042 1266 1086 hoc,
1288 1055 1401 1093 quam
1421 1043 1462 1080 il—

138 1109 160 1140 5
180 1102 247 1139 lud
273 1102 521 1152 judicandum
541 1107 608 1139 est.
665 1102 766 1139 Illud
787 1103 884 1140 enim
905 1103 1020 1140 semel
1049 1103 1202 1152 profuit,
1222 1103 1294 1139 hoc
1314 1115 1463 1153 semper

182 1162 351 1212 proderit
370 1162 520 1199 civitati.
576 1161 660 1199 Hoc
681 1162 832 1199 consilio
850 1163 954 1213 leges
974 1162 1273 1206 Atheniensium,
1294 1163 1365 1199 hoe
1384 1175 1462 1198 ma-

141 1226 162 1259 6
180 1222 307 1272 jorum
337 1221 505 1258 instituta
537 1226 742 1259 servantur.
798 1222 848 1258 Et
880 1221 1151 1259 Themistocles
1184 1222 1336 1272 quidem
1373 1222 1463 1259 nihil

183 1281 326 1326 dixerit,
342 1281 378 1318 in
397 1294 471 1331 quo
490 1281 570 1332 ipse
590 1281 839 1332 Areopagum
858 1281 1047 1332 adjuverit
1064 1294 1071 1318 ε
1101 1287 1141 1318 at
1160 1282 1220 1319 ille
1240 1294 1338 1326 vere,
1355 1282 1403 1319 ab
1423 1294 1463 1319 se

183 1341 357 1392 adjutum
385 1341 686 1379 Themistoclem.
741 1342 810 1378 Est
839 1341 936 1378 enim
963 1341 1106 1378 bellum
1132 1347 1284 1392 gestum
1313 1342 1463 1379 consilio

141 1401 162 1439 7
183 1405 334 1438 senatus
354 1401 447 1452 ejus,
469 1400 532 1451 qui
550 1413 571 1437 a
591 1400 728 1438 Solone
748 1406 828 1438 erat
847 1401 1082 1438 constitutus.
1138 1401 1243 1438 Licet
1263 1401 1396 1438 eadem
1416 1401 1464 1438 de

182 1460 371 1498 Pausania
398 1460 669 1510 Lysandroque
699 1461 833 1504 dicere,
857 1474 1019 1511 quorum
1046 1461 1160 1498 rebus
1187 1461 1305 1512 gestis
1332 1474 1462 1511 quam-

183 1533 297 1571 quam
329 1520 528 1570 imperium
559 1520 852 1558 Lacedaemoniis
883 1519 1115 1571 [dilatatum]
1149 1526 1316 1571 putatur,
1337 1526 1465 1558 tamen

182 1593 229 1617 ne
257 1579 407 1616 minima
426 1579 578 1630 quidem
606 1592 652 1617 ex
684 1585 792 1630 parte
823 1579 989 1630 Lycurgi
1021 1579 1168 1630 legibus
1197 1584 1235 1616 et
1262 1580 1466 1631 disciplinae

184 1639 398 1677 conferendi
416 1644 514 1677 sunt.
529 1641 537 1648 '
571 1639 669 1684 Quin
688 1640 800 1676 etiam
826 1640 875 1677 ob
903 1639 972 1676 has
1000 1639 1102 1690 ipsas
1121 1651 1254 1676 causas
1274 1645 1312 1677 et
1330 1652 1464 1690 paren-

142 1705 164 1738 8
184 1701 296 1738 tiores
316 1700 531 1737 habuerunt
547 1699 745 1743 exercitus,
762 1704 800 1736 et
818 1699 1002 1736 fortiores.
1057 1699 1152 1736 Mihi
1165 1699 1317 1749 quidem
1331 1697 1463 1750 neque,

186 1760 310 1810 pueris
338 1759 456 1802 nobis,
478 1759 530 1796 M.
551 1750 717 1795 Scaurus
738 1759 781 1795 O.
810 1759 943 1802 Mario,
964 1771 1096 1808 neque,
1118 1771 1205 1795 eum
1232 1772 1466 1796 versaremur

185 1820 222 1857 in
254 1831 294 1856 re
327 1819 489 1869 publiea,
513 1818 557 1862 Q..
589 1818 747 1855 Catulus
777 1818 1056 1867 (ln-Pompeio
1090 1817 1223 1854 cedere
1255 1818 1462 1857 videbatur.

145 1884 166 1918 9
186 1878 299 1916 Parvi
328 1878 426 1915 enim
453 1882 541 1914 sunt
569 1877 658 1914 foris
685 1890 802 1921 arma,
822 1877 892 1914 nisi
919 1882 975 1914 est
1002 1877 1195 1914 eonsilium
1214 1876 1325 1915 domi.
1381 1878 1463 1916 Nec

186 1939 272 1989 plus
291 1938 505 1981 Africanus,
526 1937 723 1988 singularis
749 1941 787 1974 et
805 1937 861 1974 vir
879 1941 917 1974 et
934 1937 1151 1990 imperator,
1170 1936 1208 1973 in
1235 1937 1466 1975 excindenda

186 1997 393 2036 Numantia
416 1997 470 2034 rei
494 1997 657 2053 publieae
675 1997 827 2052 profuit,
847 2009 962 2046 quam
980 1996 1113 2033 eodem
1131 2000 1303 2049 tempore
1321 1996 1365 2034 P.
1387 1996 1464 2034 Na—

187 2058 262 2095 sica
281 2057 562 2111 p1·ivatuS,cum
576 2057 628 2094 Ti.
648 2048 863 2093 Gracchum
880 2055 1076 2093 interemit.
1125 2054 1364 2106 Quamquam
1382 2057 1464 2095 haee

187 2114 340 2168 quidem
365 2129 425 2153 ies
453 2129 528 2153 non
557 2116 679 2153 solum
712 2129 760 2153 ex
788 2115 995 2152 domestica
1027 2120 1086 2152 est
1118 2115 1286 2153 ratione:
1315 2116 1466 2167 attingit

188 2177 301 2214 etiam
330 2176 513 2219 bellicam,
535 2176 709 2226 quoniam
728 2176 765 2213 vi
795 2187 986 2225 manuque
1014 2175 1184 2212 confecta
1209 2180 1287 2212 est:
1317 2175 1385 2212 sed
1409 2181 1464 2213 ta-

124 2241 168 2276 lo
187 2249 274 2273 men
304 2236 344 2274 id
375 2236 499 2286 ipsum
529 2240 587 2272 est
617 2241 769 2286 gestum
802 2235 953 2272 consilio
990 2235 1145 2278 urbano,
1179 2234 1256 2271 siue
1288 2235 1464 2273 exercitu.

189 2295 292 2334 Illud
318 2300 446 2332 autem
473 2295 656 2346 optimum
675 2299 743 2339 est,
763 2295 801 2332 in
820 2294 923 2345 quod
940 2294 1063 2331 invadi
1081 2294 1200 2331 solere
1219 2294 1268 2331 ab
1287 2294 1465 2345 improbis

188 2360 228 2395 et
245 2355 377 2394 invidis
396 2355 529 2393 audio:

360 2429 499 2468 Cedant
515 2442 623 2467 arma
643 2434 742 2478 toyoe,
762 2428 927 2466 concedat
947 2428 1073 2465 laurea
1093 2427 1211 2467 laudi.
