1674 2754
100 191 150 226 80
649 199 698 223 DE
719 197 886 223 orncns

169 285 255 329 niet,
275 285 447 322 nimimm
467 284 736 322 Themistocles
756 288 813 320 est
832 288 964 320 auctor
991 282 1246 325 adhibendus;
1275 283 1339 333 qui
1357 295 1442 320 cum

168 345 434 388 consuleretur,
451 349 578 381 utrum
599 345 698 381 bono
716 344 795 380 viro
815 342 982 393 pauperi,
1003 354 1051 378 an
1070 342 1189 379 minus
1210 344 1369 393 probato
1388 342 1443 379 di-

169 404 236 441 viti
263 405 376 441 filiam
405 404 626 442 collocaret:
655 404 739 454 Ego
758 416 857 445 vero,
878 402 1006 451 inquit,
1026 402 1126 438 malo
1145 402 1276 447 virum,
1298 402 1361 452 qui
1380 415 1444 452 pe-

101 468 146 501 11
169 464 276 501 cunia
294 469 416 515 egeat,
436 476 550 514 quam
568 463 776 514 pecuniam,
793 475 878 513 quae
897 462 986 499 viro.
1041 461 1119 498 Sed
1139 462 1304 512 con’upti
1322 474 1444 499 mores

169 524 437 574 depravatique
459 528 546 560 sunt
573 523 817 560 admiratione
837 521 1060 559 divitiarum.
1117 521 1285 565 Quarum
1304 521 1445 572 magni-

103 588 149 620 12
169 584 262 620 tudo
282 584 372 634 quid
392 583 440 620 ad
460 595 764 632 unumquemque
793 587 965 619 nostrum
994 582 1184 632 pertinet?
1240 581 1354 619 Illum
1373 582 1446 619 for-

169 647 268 680 tasse
289 643 457 693 adjuvat,
479 642 543 692 qui
562 643 699 679 habet:
729 655 775 679 ne
794 641 833 678 id
853 641 1004 691 quidem
1025 654 1195 692 semper:
1225 641 1292 678 sed
1311 641 1370 678 fac
1387 642 1447 691 ju-

103 707 149 740 13
170 715 281 747 vare;
309 703 474 740 utentior
492 714 581 740 sane
601 703 673 746 sit;
703 702 894 739 honestior
913 714 1002 738 vero
1029 701 1250 751 quomodo?
1306 700 1448 745 Quodsi

170 762 282 800 etiam
301 763 422 800 bonus
437 763 507 799 erit
525 762 590 806 vir,
611 774 658 798 ne
677 761 882 812 impediant
901 761 1051 805 divitiae,
1069 761 1268 811 quominus
1283 761 1448 812 juvetur,

169 822 283 859 modo
303 834 351 858 ne
371 822 574 872 adjuvent;
603 822 725 871 sitque
755 834 863 858 omne
890 821 1084 871 judicium,
1105 834 1178 858 non
1206 834 1319 871 quam
1348 820 1449 857 locu-

106 884 151 918 14
173 881 266 931 ples,
287 880 354 917 sed
375 881 494 930 qualis
514 881 672 930 quisque
692 881 751 918 sit.
808 881 1031 917 Extremum
1061 885 1189 917 autem
1216 886 1451 931 praeceptum

173 941 210 977 in
228 940 415 977 beneficiis
436 953 624 990 operaque
645 940 782 984 danda,
802 953 848 976 ne
869 940 958 990 quid
979 945 1109 976 contra
1129 941 1345 990 aequitatem
1366 952 1452 977 con-

173 999 318 1043 tendas,
339 1012 386 1037 ne
405 1000 495 1050 quid
516 1013 585 1050 pro
605 1000 748 1050 injuria.
805 999 1108 1036 Fundamentum
1127 1000 1224 1037 enim
1243 1005 1300 1037 est
1319 1012 1452 1050 perpe-

173 1065 250 1097 tuae
273 1060 605 1097 commendationis
634 1065 672 1097 et
704 1060 818 1097 famae
850 1059 1007 1110 justitia,
1029 1060 1107 1097 sine
1127 1072 1201 1110 qua
1219 1059 1309 1097 nihil
1327 1064 1452 1110 potest

174 1132 256 1156 esse
276 1119 478 1157 laudabile.

207 1239 312 1276 XXI.
342 1238 419 1275 Sed
439 1238 614 1288 quoniam
635 1238 682 1275 de
703 1251 746 1275 eo
766 1250 902 1289 genere
930 1238 1194 1276 beneficiorum
1222 1238 1364 1276 dictum
1383 1244 1453 1283 est,

173 1311 259 1348 quae
277 1298 326 1335 ad
346 1298 513 1349 singulos
533 1303 727 1348 spectant:
750 1298 927 1348 deinceps
947 1298 993 1335 de
1013 1298 1066 1342 iis,
1083 1311 1168 1348 quae
1181 1298 1229 1335 ad
1249 1299 1453 1342 universos,

131 1362 153 1395 2
173 1370 334 1408 quaeque
350 1357 398 1394 ad
413 1371 491 1395 rem
508 1358 697 1408 publicam
711 1357 908 1407 pertinent,
923 1357 1192 1413 disputandum
1209 1362 1275 1395 est.
1314 1358 1456 1395 Eorum

174 1423 302 1454 autem
329 1418 498 1467 ipsorum
527 1418 663 1467 partim
691 1416 877 1467 ejusmodi
896 1422 994 1460 sunt,
1015 1422 1058 1454 ut
1078 1417 1126 1454 ad
1145 1417 1336 1454 unixersos
1357 1417 1456 1454 cives

175 1477 398 1527 pertineant,
414 1477 550 1526 partim
570 1477 737 1527 singulos
753 1481 795 1513 ut
815 1476 1013 1527 attingant,
1031 1489 1116 1526 quae
1135 1482 1223 1513 sunt
1242 1477 1353 1514 etiam
1371 1489 1456 1528 gra-

131 1542 153 1574 3
174 1537 278 1574 tiora.
335 1536 472 1573 Danda
492 1549 607 1587 opera
635 1542 692 1573 est
720 1537 880 1579 omnino,
902 1536 932 1573 si
951 1536 1082 1586 possit,
1104 1537 1283 1587 utrisque,
1303 1549 1371 1574 nec
1390 1536 1456 1574 mi-

173 1609 255 1641 nus,
275 1601 318 1633 ut
337 1596 448 1633 etiam
469 1596 623 1647 singulis
644 1596 882 1633 consulatur.
913 1596 981 1633 sed
1000 1596 1063 1640 ita,
1084 1602 1127 1634 ut
1147 1609 1190 1633 ea
1208 1609 1267 1633 res
1286 1601 1353 1633 aut
1372 1609 1457 1647 pro-

131 1660 150 1694 4
175 1657 232 1700 sit,
254 1662 320 1693 aut
348 1661 449 1694 certe
469 1669 516 1693 ne
535 1657 634 1693 obsit
652 1656 705 1693 rei
725 1656 898 1706 publicae.
957 1656 1000 1693 C.
1026 1656 1189 1694 Gracchi
1215 1655 1459 1693 frumentaria

174 1728 312 1767 magna
323 1716 469 1766 largitio
484 1729 493 1760 ;
513 1716 758 1753 exhauriebat
773 1716 886 1767 igitur
901 1716 1094 1759 aerarium;
1115 1716 1263 1754 modica
1277 1716 1327 1753 M.
1346 1716 1458 1754 Octa-

177 1776 234 1819 vii,
269 1781 309 1813 et
339 1776 392 1812 rei
425 1776 589 1826 publicae
617 1776 832 1819 tolerabilis,
862 1781 900 1812 et
928 1775 1029 1825 plebi
1056 1776 1273 1819 necessaria,
1304 1789 1394 1827 ergo
1421 1780 1460 1813 et

132 1841 155 1873 5
176 1835 316 1872 civibus
335 1839 374 1872 et
392 1835 444 1872 rei
464 1835 623 1886 publicae
643 1835 825 1872 salutaris.
882 1835 927 1871 In
953 1835 1080 1885 primis
1110 1840 1236 1873 autem
1255 1835 1459 1873 videndum

176 1894 247 1932 erit
265 1895 308 1938 ei,
330 1895 393 1945 qui
411 1907 490 1932 rem
512 1895 702 1945 publicam
729 1894 1016 1940 administrabit,
1035 1900 1078 1932 ut
1097 1908 1208 1932 suum
1228 1895 1385 1945 quisque
1403 1900 1459 1933 te-

134 1958 156 1992 6
176 1959 274 1998 neat,
290 1967 412 2005 neque
427 1955 474 1992 de
489 1955 595 1992 bonis
611 1954 843 2005 privatorum
863 1954 1014 2004 publice
1033 1955 1240 1992 deminutio
1254 1955 1329 1992 fiat.
1369 1955 1459 1992 Per-

177 2014 312 2051 niciose
331 2015 429 2052 enim
448 2015 649 2065 Philippus
668 2015 705 2051 in
719 2014 923 2058 tribunatu,
937 2027 1023 2051 cum
1041 2015 1165 2066 legem
1184 2014 1368 2066 agrariam
1387 2015 1459 2052 fer-

177 2079 245 2118 ret,
266 2087 380 2124 quam
408 2079 535 2111 tamen
565 2074 750 2124 antiquari
776 2074 886 2111 facile
914 2087 1048 2124 passus
1076 2080 1144 2118 est,
1167 2080 1205 2111 et
1229 2075 1267 2112 in
1286 2089 1330 2113 eo
1349 2075 1458 2112 vehe-

178 2138 322 2171 menter
351 2146 391 2171 se
418 2134 657 2171 moderatum
685 2133 882 2185 praebuit:
912 2133 980 2178 sed
1008 2147 1094 2171 cum
1112 2134 1149 2171 in
1167 2135 1316 2186 agendo
1343 2135 1460 2172 multa

179 2193 423 2244 populariter,
444 2198 526 2231 tum
553 2193 647 2231 illud
674 2193 784 2237 male,
804 2206 878 2230 non
907 2206 988 2230 esse
1015 2194 1052 2230 in
1082 2194 1230 2232 civitate
1261 2195 1336 2232 duo
1363 2195 1463 2232 milia

137 2254 157 2290 7
179 2253 383 2298 hominum,
405 2254 469 2304 qui
496 2266 576 2291 rem
603 2254 797 2290 haberent.
855 2253 1034 2304 Capitalis
1061 2255 1190 2299 oratio,
1211 2260 1249 2292 et
1268 2255 1317 2292 ad
1337 2267 1462 2305 aequa-

179 2313 319 2350 tionem
348 2314 533 2351 bonorum
561 2314 776 2364 pertinens:
806 2325 882 2363 qua
901 2319 1006 2364 peste
1026 2327 1111 2364 quae
1140 2319 1266 2365 potest
1285 2327 1365 2353 esse
1384 2327 1462 2351 ma-

138 2377 160 2411 8
176 2373 238 2424 jor
252 2373 270 2410 ἱ)
317 2373 427 2411 Hanc
454 2373 552 2411 enim
579 2374 628 2411 ob
656 2385 807 2411 causam
836 2373 1009 2418 maxime,
1029 2379 1073 2411 ut
1092 2387 1160 2411 sua
1179 2379 1383 2418 tuerentur,
1403 2387 1464 2411 res

139 2436 162 2471 9
181 2432 344 2484 publioae
363 2433 609 2484 civitatesque
627 2433 842 2471 constitutae
861 2437 959 2470 sunt.
1006 2433 1108 2471 Nam
1127 2434 1196 2472 etsi
1214 2434 1311 2472 duce
1329 2439 1462 2472 natura
