1674 2754
595 177 709 201 mmm
728 176 752 201 1.
821 177 909 202 CAP.
931 176 998 202 vn.
1430 167 1475 200 1³

117 264 156 302 in
174 276 250 315 qua
267 263 454 302 excellere
481 263 685 314 pulchrum
704 266 905 314 putamus:
934 263 1010 300 labi
1038 269 1177 307 autem,
1193 275 1327 308 errare,
1344 275 1406 300 ne-

118 323 222 368 scire,
249 323 383 374 decipi,
411 327 449 361 et
473 323 617 361 malum
646 327 685 361 et
709 328 822 374 turpe
848 323 1032 360 ducimus.
1090 323 1136 360 In
1164 323 1237 361 hoc
1269 335 1407 375 genere
1428 327 1450 360 3

118 389 157 422 et
175 383 337 422 naturali
355 388 395 422 et
423 384 584 422 honesto
604 383 681 421 duo
708 384 798 421 vitia
817 383 971 420 vitanda
991 388 1076 420 sunt
1093 395 1101 420 τ
1130 396 1258 427 unum,
1279 396 1327 420 ne
1353 383 1406 420 in-

119 444 268 496 cognita
295 457 364 495 pro
392 444 549 496 cognitis
577 444 795 488 habeamus,
817 443 950 494 hisque
978 448 1120 481 temere
1148 443 1406 481 assentiamur.

119 504 230 551 Quod
257 504 389 542 vitium
417 505 584 555 effugere
603 504 667 554 qui
685 504 799 548 volet,
823 502 969 555 (omnes
988 509 1116 541 autem
1135 503 1231 540 velle
1251 501 1406 554 debent)

118 565 314 604 adhibebit
349 565 400 602 ad
429 564 720 602 considerandas
747 577 808 602 res
836 568 874 601 et
910 569 1062 615 tempus
1090 568 1129 601 et
1166 563 1406 615 diligentiam.

117 626 296 664 Alterum
323 630 382 663 est
409 625 552 669 vitium,
573 624 676 675 quod
703 624 857 675 quidam
884 624 992 661 nimis
1025 637 1208 675 magnum
1240 623 1409 661 studium
1429 626 1453 661 4

117 686 352 736 multamque
368 698 520 736 operam
542 685 580 722 in
598 697 658 722 res
678 685 859 723 obscuras
880 689 993 734 atque
1014 684 1180 721 difficiles
1201 683 1409 727 conferunt,

118 746 347 796 easdemque
366 759 441 783 non
459 737 699 783 necessarias.
751 745 898 791 Quibus
913 745 1009 782 vitiis
1029 744 1235 789 declinatis,
1251 744 1355 794 quod
1373 744 1411 782 in
1432 750 1453 782 5

117 807 230 845 rebus
250 806 415 844 honestis
435 810 473 843 et
493 806 702 857 cognitione
725 805 846 857 dignis
876 818 1002 856 operae
1033 818 1208 855 curaeque
1237 809 1399 855 ponetur

117 867 157 905 id
172 867 258 918 jure
276 866 515 904 laudabitur:
544 871 588 903 ut
607 866 643 903 in
663 866 868 917 astrologia
888 866 931 903 C.
954 865 1163 916 Sulpicium
1182 865 1406 909 audivimus,

118 927 156 965 in
174 927 380 978 geometria
400 927 487 964 Sex.
505 927 731 977 Pompeium
750 926 820 977 ipsi
841 926 1097 977 cognovimus,
1118 925 1258 962 multos
1277 925 1313 962 in
1334 924 1412 962 dia-

119 987 270 1031 lecticis,
292 987 420 1038 plures
448 986 484 1024 in
509 987 594 1037 jure
624 986 727 1024 civili.
787 986 882 1031 Quae
902 998 1032 1023 omnes
1061 990 1161 1022 artes
1190 985 1228 1023 in
1246 985 1325 1023 veri
1353 985 1406 1023 in·
1429 989 1451 1023 6

118 1047 365 1099 vestigatione
392 1051 600 1090 versantur,
622 1046 731 1097 cujus
751 1046 878 1084 studio
897 1059 919 1083 a
937 1046 1051 1083 rebus
1080 1045 1254 1096 gerendis
1274 1045 1412 1083 abduci

119 1112 250 1146 contra
269 1107 430 1145 officium
450 1111 519 1144 est.
576 1106 738 1143 Virtutis
754 1106 851 1143 enim
866 1106 949 1143 laus
965 1105 1084 1142 omnis
1103 1105 1141 1142 in
1159 1105 1305 1142 actione
1325 1118 1411 1143 con-

118 1168 237 1206 sistit:
267 1179 290 1204 a
309 1179 385 1217 qua
403 1171 530 1204 tamen
549 1166 592 1203 fit
611 1165 833 1203 intermissio
853 1178 968 1217 saepe,
989 1165 1175 1215 multique
1205 1165 1345 1202 dantur
1363 1165 1413 1203 ad

119 1227 245 1266 studia
263 1227 428 1264 reditus:
459 1231 542 1264 tum
562 1226 718 1277 agitatio
738 1226 885 1270 mentis,
909 1238 995 1276 quae
1025 1238 1219 1276 nunquam
1246 1226 1413 1276 acquies-

119 1289 180 1333 cit,
201 1292 329 1339 potest
347 1300 416 1325 nos
435 1286 472 1324 in
492 1286 625 1324 studiis
648 1286 881 1338 cognitionis,
899 1286 1012 1324 etiam
1041 1286 1118 1323 sine
1138 1298 1254 1336 opera
1273 1290 1412 1330 nostra,

119 1348 318 1387 continere.
375 1346 506 1385 Omnis
533 1351 662 1384 autem
695 1347 875 1398 cogitatio
912 1351 1115 1397 motusque
1144 1346 1256 1383 animi
1284 1351 1350 1383 aut
1377 1346 1415 1383 in
1436 1346 1456 1384 7

120 1408 279 1448 consiliis
299 1407 490 1459 capiendis
509 1406 558 1444 de
576 1408 690 1445 rebus
710 1407 878 1445 honestis
898 1412 937 1444 et
957 1407 1229 1457 pertinentibus
1248 1406 1298 1443 ad
1319 1407 1415 1445 bene

118 1469 306 1520 beateque
334 1468 548 1512 vivendum,
580 1472 647 1504 aut
678 1467 715 1505 in
744 1467 880 1504 studiis
914 1467 1078 1505 scientiae
1119 1467 1415 1518 cognitionisque

118 1529 338 1568 versabitur.
394 1528 455 1566 Ac
475 1528 523 1565 de
543 1527 665 1578 primo
683 1527 836 1578 quidem
855 1527 965 1564 officii
982 1527 1086 1564 fonte
1106 1527 1280 1565 diximus.

171 1649 264 1686 VII.
293 1648 353 1685 De
384 1647 505 1685 tribus
539 1651 668 1685 autem
703 1647 854 1697 reliquis
887 1646 1066 1684 latissime
1101 1651 1208 1697 patet
1236 1659 1281 1684 ea
1308 1647 1414 1692 ratio,

119 1721 195 1760 qua
214 1708 372 1746 societas
400 1707 592 1745 hominum
618 1707 715 1745 inter
742 1707 844 1758 ipsos
864 1711 902 1744 et
921 1707 1010 1744 vitae
1032 1707 1139 1757 quasi
1165 1707 1415 1745 communitas

119 1769 352 1808 continetur:
388 1768 497 1819 cujus
534 1772 661 1818 partes
694 1767 796 1811 duae,
821 1767 1061 1818 justitia,
1094 1767 1131 1804 in
1159 1779 1235 1817 qua
1266 1767 1415 1805 virtutis

119 1828 298 1880 splendor
317 1832 375 1866 est
392 1827 589 1871 maximus,
611 1840 657 1865 ex
677 1840 752 1878 qua
771 1827 839 1865 viri
867 1827 956 1865 boni
974 1827 1235 1871 nominantur3
1265 1832 1303 1864 et
1328 1828 1415 1865 huic

119 1889 322 1940 conjuncta
349 1887 558 1927 benefic
571 1900 628 1925 en
641 1887 736 1932 tia,
758 1900 872 1938 quam
892 1887 1052 1925 eandem
1070 1887 1131 1925 vel
1146 1887 1417 1939 benignitatem

118 1949 178 1988 vel
196 1948 460 1987 Hberalitatem
479 1948 666 1999 appellari
685 1948 784 1986 licet.

172 2009 250 2048 Sed
281 2008 461 2060 justiti
475 2021 508 2046 ae
539 2008 702 2059 primum
721 2021 860 2046 munus
879 2012 948 2052 est,
964 2012 1009 2046 ut
1026 2021 1073 2046 ne
1094 2007 1154 2045 oui
1172 2008 1254 2058 quis
1270 2013 1414 2053 noceat,
1437 2013 1459 2047 2

118 2069 187 2108 nisi
215 2069 413 2107 lacessitus
443 2068 600 2120 injuria;
641 2069 777 2106 deinde
805 2073 849 2106 ut
874 2068 1138 2106 communibus
1159 2081 1228 2119 pro
1247 2081 1415 2106 commu-

117 2129 227 2168 nibus
256 2133 397 2174 utatur,
418 2129 573 2180 privatis
611 2134 656 2166 ut
688 2129 776 2167 suis.
834 2129 933 2167 Sunt
963 2133 1090 2166 autem
1126 2128 1273 2179 privata
1309 2129 1412 2166 nulla
1434 2133 1456 2167 3

117 2194 263 2234 natura,
292 2189 361 2227 sed
400 2193 467 2226 aut
505 2193 631 2227 vetere
673 2189 934 2240 occupatione,
963 2194 1007 2226 ut
1047 2189 1110 2239 qui
1150 2189 1341 2239 quondam
1380 2189 1416 2226 in

118 2261 239 2287 vacua
266 2253 470 2294 venerunt3
499 2254 566 2286 aut
592 2250 759 2294 victoria,
780 2254 824 2286 ut
851 2249 915 2300 qui
943 2249 1044 2287 bello
1072 2248 1182 2300 potiti
1211 2253 1320 2293 sunt;
1349 2254 1416 2286 aut

119 2309 214 2361 lege,
245 2309 429 2360 pactione,
459 2309 683 2354 conditione,
713 2315 825 2347 sorte.
883 2310 940 2346 Ex
970 2322 1045 2359 quo
1078 2310 1131 2353 fit,
1152 2314 1196 2346 ut
1222 2321 1313 2359 ager
1341 2310 1414 2345 Ar-

119 2369 225 2420 pinas
253 2369 497 2420 Arpinatium
525 2369 684 2414 dicatur,
705 2370 941 2407 Tusculanus
967 2369 1286 2407 Tusculanorum:
1317 2368 1414 2406 simi-

119 2429 238 2481 lisque
256 2433 316 2468 est
335 2429 566 2480 privatarum
585 2429 863 2481 possessionum
883 2429 1098 2480 descriptio.
1155 2429 1212 2466 Ex
1232 2441 1307 2480 quo
1327 2428 1415 2480 quia
1434 2432 1458 2467 4

680 2487 688 2496 “
778 2489 813 2526 λ2
