1674 2754
611 181 724 205 unna
742 181 767 206 1.
823 180 909 206 cAP.
931 180 1006 205 xxx.
1447 171 1495 204 29

144 267 221 305 vita
239 270 297 304 est
315 266 544 311 otiosorum
572 266 799 304 fructuosior
817 270 947 303 autem
965 265 1159 302 hominum
1179 266 1307 316 generi
1321 271 1360 303 ct
1379 264 1428 302 ad

144 326 352 364 claritatem
378 326 740 377 amplitudinemque
772 326 895 376 aptior
931 338 1073 369 eorum,
1103 325 1167 375 qui
1199 338 1239 362 se
1272 326 1320 362 ad
1348 338 1428 362 rem

144 386 334 436 publicam
349 390 387 423 et
401 386 450 422 ad
465 399 622 437 magnas
637 399 696 423 res
708 385 893 437 gerendas
906 385 1298 423 accommodaverunt.
1329 385 1428 429 Qua·
1449 389 1470 421 3

144 449 302 496 propter
332 451 371 482 et
400 445 443 482 iis
473 446 628 483 forsitan
648 445 933 483 concedendum
962 445 1010 482 sit
1037 458 1116 482 rem
1145 445 1336 495 publicam
1355 457 1429 481 non
1482 447 1485 450 ’

144 505 438 556 capessentibus,
460 506 524 556 qui
554 506 750 543 excellenti
781 505 932 556 ingenio
959 505 1139 542 doctrinae
1164 517 1246 542 sese
1275 504 1430 542 dedide-

142 570 254 604 runt:
284 569 323 603 et
340 565 394 610 iis,
416 566 480 616 qui
498 570 564 602 aut
582 565 806 616 valetudinis
833 565 1075 603 imbecilitate
1103 569 1169 617 aut
1194 565 1317 615 aliqua
1343 577 1429 617 gra-

143 625 244 663 viore
264 638 378 663 causa
395 625 566 677 impediti
593 638 615 662 a
639 638 680 663 re
711 626 862 676 publica
886 630 1132 669 recesserunt,
1156 639 1242 663 cum
1262 625 1343 676 ejus
1363 625 1428 662 ad-

142 685 398 723 ministrandae
417 690 648 736 potestatem
667 686 747 723 aliis
775 686 1003 737 laudemque
1025 685 1284 723 concederent.
1303 686 1315 734 ¹f
1341 685 1428 730 Qui·
1449 689 1473 723 4

143 745 213 783 bus
233 750 361 783 autem
380 746 465 783 talis
485 746 588 783 nulla
608 746 655 783 sit
675 759 799 791 causa,
813 746 844 784 si
860 746 1053 797 despicere
1073 758 1112 783 se
1133 746 1258 783 dicant
1273 758 1328 790 ea,
1345 758 1431 796 quae

144 805 311 857 plerique
337 806 532 850 mirentur,
553 806 712 857 imperia
733 811 771 844 et
790 807 1045 858 magistratus,
1067 806 1109 843 iis
1128 819 1203 843 non
1222 806 1336 844 modo
1355 819 1431 843 non

143 865 257 910 laudi,
278 878 410 904 verum
438 866 552 904 etiam
570 867 660 904 vitio
688 866 857 904 dandum
886 871 990 916 puto.
1048 867 1217 911 Quorum
1244 866 1429 916 judicium
1450 872 1472 904 5

144 925 181 963 in
199 938 254 970 eo,
276 926 379 977 quod
398 926 558 978 gloriam
578 930 821 964 contemnant
840 931 878 963 et
897 939 966 976 pro
985 926 1099 964 nihilo
1119 931 1265 977 putent,
1282 926 1429 964 difficile

146 986 250 1024 factu
263 992 321 1024 est
339 999 415 1042 non
434 987 615 1037 probare:
637 987 704 1024 sed
717 987 892 1024 videntur
911 987 1059 1024 labores
1075 991 1113 1024 et
1133 987 1334 1030 molestias,
1349 991 1431 1024 tum

145 1046 391 1094 offensionum
406 1052 444 1084 et
457 1047 694 1098 repulsarum
709 1047 815 1098 quasi
834 1047 1024 1098 quandam
1043 1047 1285 1098 ignominiam
1299 1047 1431 1084 timere

143 1110 182 1144 et
208 1106 410 1144 infamiam.
467 1106 566 1144 Sunt
586 1107 695 1151 enim,
717 1107 781 1157 qui
799 1107 836 1144 in
855 1107 968 1145 rebus
988 1107 1180 1144 contrariis
1208 1119 1343 1157 parum
1363 1106 1433 1144 sibi
1452 1110 1474 1143 6

143 1171 339 1204 constent:
368 1167 604 1218 voluptatem
625 1167 857 1204 severissime
877 1171 1131 1211 contemnant,
1152 1167 1189 1204 in
1209 1167 1338 1204 dolore
1359 1165 1432 1204 sint

143 1226 354 1265 molliores:
383 1227 544 1278 gloriam
571 1227 780 1279 negligant,
800 1227 1023 1278 frangantur
1049 1227 1224 1265 infamia:
1254 1231 1368 1278 atque
1387 1239 1432 1264 ea

143 1286 296 1338 quidem
323 1300 398 1325 non
417 1287 507 1326 satis
533 1292 759 1325 constanter.
815 1287 893 1325 Sed
911 1287 965 1332 iis,
988 1287 1052 1338 qui
1079 1288 1221 1325 habent
1249 1300 1271 1324 a
1298 1291 1433 1324 natura

143 1347 363 1398 adjumenta
381 1360 508 1386 rerum
528 1348 793 1399 gerendarum,
811 1348 961 1399 abjecta
981 1348 1082 1385 omni
1101 1348 1352 1392 cunctatione,
1366 1347 1432 1384 ad-

143 1407 328 1459 ipiscendi
345 1408 591 1460 magistratus
611 1412 649 1445 ct
668 1406 836 1460 gerenda
855 1421 914 1445 res
935 1408 1087 1459 publica
1106 1413 1174 1446 est.
1232 1408 1314 1445 Nec
1335 1408 1431 1445 enim

143 1467 252 1505 aliter
269 1473 336 1505 aut
354 1468 437 1520 regi
457 1469 598 1513 civitas,
619 1473 686 1505 aut
706 1469 889 1506 declarari
914 1469 1026 1506 animi
1045 1468 1268 1520 magnitudo
1295 1472 1433 1519 potest.

146 1528 442 1579 Capessentibus
461 1533 588 1566 autem
609 1541 688 1566 rem
717 1529 907 1579 publicam
936 1529 1026 1566 nihil
1056 1528 1188 1572 minus,
1209 1540 1323 1578 quam
1350 1528 1432 1579 phi·
1454 1532 1476 1566 8

145 1587 323 1638 losophis,
344 1588 449 1625 haud
479 1588 555 1625 scio
584 1601 632 1625 an
660 1588 780 1639 magis
811 1588 934 1632 etiam,
956 1592 994 1625 et
1013 1587 1291 1639 magnificentia
1311 1592 1349 1625 et
1368 1587 1432 1625 de-

146 1647 340 1699 spicientia
359 1647 574 1685 adhibenda
592 1648 640 1685 sit
658 1661 784 1685 rerum
804 1648 1064 1692 humanarum,
1083 1660 1197 1698 quam
1219 1660 1320 1699 saepe
1336 1648 1432 1692 dico,

146 1713 185 1746 et
204 1707 452 1759 tranquillitas
481 1708 593 1745 animi
622 1713 734 1758 atque
755 1708 962 1745 securitas:
993 1707 1023 1745 si
1052 1708 1205 1758 quidem
1236 1721 1305 1745 nec
1335 1708 1433 1746 anxii

146 1768 263 1806 futuri
292 1773 392 1813 sunt,
421 1772 459 1805 et
489 1781 575 1806 cum
605 1768 791 1819 gravitate
825 1768 1107 1818 constantiaque
1136 1768 1281 1806 victuri.
1339 1768 1435 1813 Quae
1455 1773 1476 1807 9

146 1828 310 1867 faciliora
327 1833 416 1866 sunt¹
435 1828 680 1880 philosophis,
708 1840 784 1879 quo
809 1828 932 1866 minus
952 1828 1074 1866 multa
1093 1832 1227 1879 patent
1245 1828 1283 1866 in
1303 1841 1434 1866 eorum

147 1888 234 1934 vita,
255 1901 341 1940 quae
365 1888 516 1927 fortuna
540 1888 661 1932 feriat,
683 1893 722 1926 et
747 1901 823 1939 quo
851 1889 973 1926 minus
999 1889 1128 1926 multis
1153 1889 1267 1926 rebus
1293 1893 1432 1940 egent:

146 1954 186 1987 et
212 1949 311 2000 quia,
331 1949 363 1986 si
395 1948 485 2000 quid
519 1948 667 1986 adversi
699 1949 857 1992 eveniat,
887 1952 967 1986 tam
999 1949 1165 2000 graviter
1197 1948 1332 1986 cadere
1359 1961 1436 1987 non

147 2014 316 2061 possunt.
373 2009 558 2055 Quocirca
575 2021 650 2047 non
669 2009 746 2046 sine
768 2021 880 2046 causa
898 2009 1062 2060 majores
1081 2013 1206 2046 motus
1226 2009 1435 2046 animorum
1456 2012 1504 2047 10

146 2070 391 2114 concitantur,
411 2070 610 2121 majorque
629 2069 812 2107 efficiendi
840 2082 930 2106 cura
948 2082 1030 2106 rem
1059 2069 1252 2120 publicam
1271 2069 1432 2120 gerenti-

147 2130 230 2174 bus,
251 2143 365 2181 quam
385 2130 544 2181 quietis;
573 2142 648 2180 quo
679 2129 799 2181 magis
830 2129 887 2166 his
917 2134 956 2167 et
986 2129 1210 2181 magnitudo
1238 2125 1296 2167 e'st
1323 2129 1436 2166 animi

147 2190 362 2228 adhibenda
380 2195 419 2227 et
433 2190 602 2228 vacuitas
621 2190 668 2228 ab
689 2190 902 2241 angoribus
959 2190 1025 2228 Ad
1045 2202 1125 2227 rem
1144 2189 1349 2241 gerendam
1369 2202 1433 2226 au·
1457 2193 1502 2226 11

147 2255 226 2288 tem
254 2250 318 2300 qui
343 2250 500 2294 accedit,
522 2255 665 2294 caveat,
694 2262 741 2287 ne
773 2249 812 2287 id
840 2249 954 2287 modo
988 2250 1209 2294 consideret,
1231 2262 1344 2300 quam
1372 2249 1436 2286 illa

146 2322 207 2348 res
236 2310 397 2347 honesta
415 2310 483 2348 sit:
513 2309 581 2348 sed
601 2310 726 2353 etiam,
747 2315 790 2347 ut
821 2310 962 2348 habeat
991 2310 1174 2348 efficiendi
1201 2310 1433 2347 facultatem.

148 2369 196 2407 In
228 2382 303 2420 quo
335 2369 419 2420 ipso
451 2370 764 2408 considerandum
797 2375 866 2414 est,
901 2383 948 2407 ne
982 2375 1049 2407 aut
1081 2374 1222 2407 temere
1255 2369 1434 2420 desperet
1454 2372 1503 2407 12

148 2434 306 2482 propter
333 2429 534 2482 ignaviam,
551 2434 619 2468 aut
647 2430 756 2467 nimis
788 2430 954 2468 confidat
984 2434 1143 2481 propter
1172 2428 1434 2480 cupiditatem.
