1674 2754
599 187 712 210 LIBER.
730 187 771 211 11.
829 186 916 211 cai».
939 188 1027 210 xxii.
1441 177 1485 212 81

137 274 464 325 congregabantur
492 272 671 317 homines,
692 277 818 309 tamen
836 284 904 323 spe
923 272 1106 310 custodiae
1126 286 1251 310 rerum
1269 285 1423 310 suarum

137 333 286 371 urbium
315 333 492 384 praesidia
521 333 754 383 quaerebant.
811 332 948 370 Danda
977 332 1090 370 etiam
1119 345 1234 383 opera
1262 338 1331 377 est,
1360 345 1418 377 ne,
1443 336 1491 370 10

136 393 240 444 quod
269 393 372 444 apud
400 393 561 444 majores
589 398 737 431 nostros
765 405 870 444 saepe
898 393 1024 437 fiebat,
1046 398 1201 443 propter
1228 393 1347 430 aerarii
1366 398 1420 429 te-

136 453 320 491 nuitatem
349 453 682 504 assiduitatemque
712 454 908 498 bellorum,
943 453 1127 491 tributum
1156 453 1202 490 sit
1231 453 1420 490 conferen-

137 514 240 558 dum,
261 513 375 564 idque
393 527 439 551 ne
467 514 624 558 eveniat,
653 514 773 551 multo
801 518 888 551 ante
916 514 986 551 erit
1014 513 1300 565 providendum.
1358 513 1423 549 Sin
1446 516 1489 549 11

137 587 223 624 quae
254 574 457 612 necessitas
488 574 601 625 hujus
629 574 792 612 muneris
820 574 930 612 alicui
956 574 1008 611 rei
1034 573 1197 625 publicae
1218 572 1422 617 obvenerit,

138 633 255 686 (malo
274 635 382 679 enim,
403 647 518 686 quam
544 639 683 672 nostrae
715 634 890 679 ominari;
918 647 1041 685 neque
1070 639 1198 672 tamen
1217 634 1264 672 de
1283 637 1422 677 nostra,

137 695 204 733 sed
225 695 272 732 de
292 695 392 733 omni
410 709 451 733 re
470 696 621 746 publica
641 695 810 747 disputo)
832 695 957 733 danda
986 695 1056 733 erit
1084 708 1210 746 opera,
1231 700 1275 732 ut
1294 707 1424 732 omnes

138 755 357 806 intelligant,
391 755 422 793 si
453 756 545 794 salvi
578 769 660 794 esse
692 756 818 801 velint,
848 756 1061 794 necessitati
1089 769 1172 794 esse
1200 756 1421 807 parendum.
1446 758 1494 794 12

140 816 268 866 Atque
288 816 401 854 etiam
420 829 560 860 omnes,
581 816 645 867 qui
663 829 743 854 rem
772 816 962 867 publicam
990 817 1269 868 gubernabunt,
1293 830 1424 854 consu-

138 876 213 914 lere
234 876 438 920 debebunt,
460 881 504 913 ut
523 889 653 914 earum
680 889 807 914 rerum
836 876 943 927 copia
962 877 1020 920 sit,
1042 890 1127 927 quae
1149 881 1237 914 sunt
1256 889 1425 914 necessa·
1448 881 1494 915 13

138 936 216 974 riae,
272 937 441 982 Quarum
469 936 588 986 qualis
618 937 848 988 comparatio
876 937 956 974 fieri
983 937 1102 974 soleat
1122 942 1160 974 et
1181 937 1330 980 debeat,
1352 951 1427 974 non

139 1001 197 1034 est
215 1009 368 1034 necesse
387 997 603 1047 disputare:
633 1001 691 1034 est
721 997 819 1034 enim
846 997 883 1034 in
911 1002 1092 1048 promptu
1108 1010 1117 1041 3
1147 1001 1294 1034 tantum
1322 998 1428 1035 locus

139 1056 383 1109 attingendus
402 1057 484 1094 fuit.

194 1117 321 1167 Caput
350 1122 478 1154 autem
506 1122 564 1154 est
591 1117 628 1154 in
656 1117 756 1154 omni
784 1117 1046 1168 procuratione
1075 1117 1215 1168 negotii
1235 1122 1273 1155 et
1298 1130 1427 1155 mune—
1451 1121 1498 1155 14

139 1176 188 1214 ris
208 1176 359 1227 publici,
380 1181 423 1214 ut
441 1177 608 1214 avaritiae
629 1177 793 1228 pellatur
813 1177 926 1214 etiam
944 1177 1097 1214 minima
1116 1178 1290 1228 suspicio.
1347 1177 1388 1215 U
1385 1178 1427 1214 tc·-
1451 1182 1497 1216 15

138 1250 237 1280 nam,
259 1236 378 1287 inquit
399 1237 442 1275 O.
462 1237 621 1274 Pontius
651 1237 811 1281 Samnis,
833 1237 882 1274 ad
901 1238 972 1274 illa
1002 1243 1162 1286 tempora
1191 1251 1247 1275 me
1265 1239 1429 1287 fortuna

139 1303 364 1342 reservasset,
385 1303 418 1334 et
439 1303 517 1335 tum
536 1310 644 1335 essem
666 1303 789 1342 natus,
812 1298 960 1346 quando
978 1298 1143 1335 Romani
1162 1300 1258 1336 dona
1277 1299 1432 1347 accipere

139 1356 352 1407 coepissent!
381 1371 454 1396 non
483 1371 593 1395 essem
616 1371 754 1407 passus
781 1359 927 1396 diutius
955 1371 1011 1396 eos
1038 1359 1228 1408 imperare.
1285 1359 1358 1397 Nae
1380 1359 1430 1396 illi

140 1419 260 1456 multa
291 1418 433 1456 saeeula
463 1419 698 1469 expectanda
725 1419 903 1456 fuerunt:
933 1419 1047 1456 modo
1076 1419 1174 1457 enim
1194 1420 1266 1457 hoc
1286 1420 1429 1457 malum
1453 1424 1499 1456 16

140 1479 177 1517 in
196 1480 292 1517 hanc
311 1491 391 1516 rem
411 1478 601 1529 publicam
620 1479 764 1516 invasit.
821 1480 956 1529 Itaque
976 1479 1085 1517 facile
1105 1479 1238 1530 patior,
1260 1484 1343 1517 tum
1364 1493 1430 1530 po-

141 1539 217 1577 tius
248 1539 426 1576 Pontium
459 1538 585 1582 fuisse,
619 1538 802 1589 siquidem
835 1539 872 1576 in
904 1539 967 1576 illo
998 1544 1148 1577 tantum
1176 1540 1247 1577 fuit
1274 1540 1429 1577 roboris.

143 1599 324 1637 Nondum
343 1603 494 1636 centum
515 1603 553 1636 et
573 1598 704 1636 decem
732 1599 818 1636 anni
845 1604 943 1644 sunt,
966 1613 1052 1637 cum
1073 1600 1120 1637 de
1141 1600 1307 1650 pecuniis
1325 1613 1431 1650 repe-
1455 1601 1494 1638 15

143 1658 270 1697 tundis
288 1671 311 1695 a
330 1658 372 1696 L.
393 1659 530 1696 Pisone
549 1659 626 1696 lata
645 1659 706 1696 lex
726 1664 795 1703 est,
816 1659 920 1696 nulla
938 1664 1050 1697 antea
1070 1673 1158 1697 cum
1176 1660 1318 1697 fuisset.
1376 1661 1433 1697 At

144 1731 233 1770 vero
263 1723 395 1770 postea
426 1723 483 1756 tot
510 1719 625 1770 leges,
647 1724 685 1756 et
705 1720 884 1770 proximae
906 1733 1068 1771 quaeque
1090 1720 1270 1764 duriores,
1291 1725 1348 1757 tot
1367 1720 1430 1764 rei,

145 1784 201 1818 tot
216 1779 394 1823 damnati,
408 1783 557 1817 tantum
578 1779 754 1816 Italicum
773 1780 915 1817 bellum
936 1785 1092 1831 propter
1108 1780 1335 1831 judiciorum
1355 1794 1433 1818 me-

146 1845 228 1877 tum
257 1839 476 1883 excitatum,
498 1843 613 1883 tanta,
641 1839 799 1877 sublatis
829 1840 976 1891 legibus
1005 1845 1043 1878 et
1067 1840 1228 1891 judiciis,
1259 1841 1435 1892 expilatio

146 1899 382 1951 direptioque
412 1899 609 1944 sociorum,
639 1904 683 1937 ut
714 1900 968 1938 imbecillitate
999 1900 1168 1946 aliorum,
1199 1914 1274 1938 non
1306 1906 1436 1939 nostra

147 1960 283 1998 virtute
302 1970 506 1998 valeamus.

200 2081 325 2119 XXII.
354 2081 505 2119 Laudat
519 2081 742 2130 Africanum
760 2081 965 2127 Panaetius,
980 2081 1083 2133 quod
1102 2082 1215 2120 fuerit
1234 2082 1435 2120 abstinens.

151 2141 289 2186 Quidni
314 2141 477 2180 laudet?
506 2142 573 2180 sed
601 2142 638 2180 in
666 2142 728 2180 illo
758 2143 829 2180 alia
858 2143 1014 2194 majora.
1071 2143 1172 2180 Laus
1203 2143 1438 2180 abstinentiae

151 2215 225 2240 non
243 2201 402 2239 hominis
421 2207 479 2240 est
498 2203 632 2247 solum,
656 2203 723 2240 sed
743 2203 856 2241 etiam
875 2208 1090 2254 temporum
1108 2203 1269 2241 illorum.
1327 2202 1439 2239 Omni
1459 2207 1480 2239 2

152 2261 404 2299 Macedonum
422 2275 526 2313 gaza,
547 2276 633 2313 quae
655 2263 725 2301 fuit
744 2264 917 2307 maxima,
941 2264 1084 2314 potitus
1112 2264 1270 2300 Paullus
1290 2267 1438 2299 tantum

151 2321 189 2359 in
221 2321 393 2359 aerarium
427 2323 597 2372 pecuniae
629 2323 780 2368 invexit,
814 2329 858 2362 ut
890 2324 1000 2362 unius
1034 2323 1272 2375 imperatoris
1307 2322 1439 2372 praeda

152 2381 264 2419 finem
283 2381 452 2420 attulerit
471 2382 695 2421 tributorum
713 2397 720 2421 :
750 2389 790 2422 at
808 2385 868 2422 hic
888 2385 978 2422 nihil
1006 2385 1161 2422 domum
1189 2396 1297 2420 suam
1317 2382 1442 2419 intulit

154 2445 293 2494 praeter
320 2442 538 2480 memoriam
567 2444 726 2482 nominis
756 2445 1033 2495 sempiternam.
1091 2444 1265 2481 Imitatus
1295 2447 1440 2493 patrem
1461 2447 1484 2480 3
