1674 2754
582 206 697 232 LIBER
723 206 766 232 11.
823 205 910 232 oAP.
940 207 1009 232 xu.
1422 199 1471 234 69

117 293 300 332 institutio
318 293 406 331 vitae
437 292 657 344 adjumenta
683 292 879 330 hominum
907 292 1106 336 desiderat,
1136 293 1173 330 in
1201 294 1402 345 primisque

118 359 162 392 ut
189 354 339 398 habeat,
360 353 584 403 quibuscum
612 353 729 404 possit
757 353 955 390 familiares
989 353 1156 390 conferre
1189 366 1401 392 sermones:

118 413 220 464 quod
240 419 298 451 est
317 413 476 457 difficile,
497 413 567 450 nisi
595 413 758 464 speciem
787 426 866 463 prae
884 418 922 450 te
942 413 1030 451 boni
1049 413 1116 451 viri
1134 413 1242 451 feras.
1298 415 1402 465 Ergo
1424 419 1445 452 6

118 474 231 512 etiam
249 474 411 511 solitario
431 473 571 511 homini
589 479 701 524 atque
720 473 757 510 in
777 486 868 524 agro
888 473 1003 511 vitam
1030 474 1159 525 agenti
1187 474 1310 524 opinio
1341 475 1401 524 juu

117 534 229 572 stitiae
258 535 466 572 necessaria
498 539 576 571 est:
606 547 727 584 eoque
755 535 868 571 etiam
895 534 1026 584 magis,
1048 534 1150 584 quod
1177 547 1260 572 eam
1281 535 1404 571 sinon

117 594 323 639 habebunt,
354 594 481 645 injusti
508 594 760 638 habebuntur,
790 594 900 631 nullis
929 594 1110 644 praesidiis
1139 595 1247 645 septi,
1277 595 1404 631 multis

117 654 323 693 afficientur
341 655 494 706 injuriis.
536 654 667 704 Atque
686 654 728 691 iis
743 654 866 698 etiam,
884 654 948 705 qui
963 654 1141 699 vendunt,
1159 659 1300 699 emunt,
1318 668 1403 692 con·
1427 655 1446 692 7

117 716 272 760 ducunt,
293 716 429 759 locant,
450 715 787 765 contrahendisque
806 715 965 765 negotiis
991 715 1241 765 implicantur,
1260 715 1406 766 justitia

116 776 166 813 ad
184 789 264 814 rem
283 775 490 827 gerendam
507 775 718 812 necessaria
737 779 804 813 est.
863 775 984 826 Cujus
1003 780 1111 813 tanta
1130 776 1185 813 vis
1206 781 1275 820 est,
1297 780 1340 813 ut
1358 788 1404 813 ne
1426 780 1447 812 8

116 835 167 873 illi
194 835 358 887 quidem,
379 836 443 886 qui
469 835 651 873 maleficio
679 839 718 872 et
745 835 885 873 scelere
913 841 1132 886 pascuntur,
1153 836 1298 887 possint
1328 836 1405 873 sine

116 896 194 934 ulla
212 896 397 947 particula
413 895 570 947 justitiae
591 895 727 933 vivere.
783 895 884 932 Nam
904 895 968 945 qui
987 908 1118 933 eorum
1147 896 1320 946 cuipiam,
1342 895 1406 946 qui
1426 900 1447 934 9

117 968 192 993 una
216 956 496 999 latrocinantur,
517 955 662 992 furatur
691 955 830 1005 aliquid
859 960 925 992 aut
953 955 1072 1006 eripit,
1093 956 1124 993 is
1144 956 1212 994 sibi
1231 969 1277 993 ne
1296 956 1334 993 in
1352 956 1404 993 la-

118 1016 271 1054 trocinio
290 1016 443 1066 quidem
461 1015 633 1065 relinquit
651 1014 788 1052 locum.
845 1015 915 1053 Ille
935 1020 1074 1060 autem,
1095 1016 1158 1067 qui
1178 1016 1405 1067 archipirata

118 1076 264 1120 dicitur,
285 1076 355 1114 nisi
374 1075 610 1126 aequabiliter
638 1075 811 1126 praedam
839 1075 1046 1126 dispertiat,
1069 1081 1136 1113 aut
1162 1076 1407 1114 interficiatur

117 1149 140 1173 a
151 1135 271 1180 sociis,
284 1140 350 1174 aut
363 1136 603 1186 relinquatur.
632 1134 730 1180 Quin
742 1134 854 1172 etiam
865 1134 969 1187 leges
981 1136 1170 1175 latronum
1181 1149 1263 1174 esse
1276 1137 1404 1175 dicun-
1428 1140 1476 1173 10

117 1201 191 1241 tur,
211 1196 347 1247 quibus
367 1200 534 1246 pareant,
556 1208 651 1246 quas
671 1196 883 1234 observent.
940 1197 1076 1247 Itaque
1104 1202 1261 1248 propter
1281 1210 1405 1248 aequa·
1429 1201 1474 1234 11

116 1256 230 1294 bilem
260 1255 662 1307 praedae'partitionem
681 1260 719 1293 et
738 1255 913 1307 Bardylis
942 1256 1095 1307 Illyrius
1123 1258 1231 1301 latro,
1254 1257 1302 1294 de
1331 1271 1407 1308 quo

117 1321 176 1355 est
205 1316 309 1368 apud
339 1315 639 1367 Theopompum,
659 1328 817 1367 magnas
846 1329 937 1367 opes
966 1317 1110 1362 habuit,
1132 1322 1170 1355 et
1189 1318 1309 1355 multo
1329 1330 1406 1355 ma-

114 1377 216 1428 jores
235 1376 431 1414 Viriathus
449 1376 663 1420 Lusitanus,
686 1376 746 1414 oui
773 1376 926 1427 quidem
953 1377 1067 1414 etiam
1087 1378 1271 1415 exercitus
1290 1378 1407 1415 nostri

117 1438 437 1489 imperatoresque
470 1441 688 1474 cesserunt:
718 1449 831 1487 quem
861 1437 902 1474 O.
933 1437 1082 1481 Laelius,
1104 1437 1146 1482 is,
1167 1438 1232 1488 qui
1260 1439 1409 1489 sapiens

117 1502 335 1548 usurpatur,
357 1501 498 1548 praetor
524 1497 637 1547 fregit
665 1501 703 1533 et
732 1497 960 1541 comminuit,
988 1498 1298 1549 ferocitatemque
1327 1499 1409 1549 ejus

118 1557 170 1596 ita
188 1557 376 1608 repressit,
397 1561 441 1594 ut
459 1556 730 1594 facile‘bellum
750 1556 900 1606 reliquis
929 1557 1108 1595 traderet.
1167 1558 1265 1595 Cum
1293 1558 1410 1609 igitur
1432 1562 1478 1596 12

122 1621 226 1655 tanta
244 1617 298 1654 vis
315 1616 472 1667 justitioe
491 1616 549 1660 sit,
571 1621 614 1653 ut
634 1629 678 1653 ea
698 1614 812 1653 etiam
831 1617 1020 1654 latronum
1040 1615 1132 1668 opes
1152 1618 1275 1655 firmet
1295 1623 1410 1669 atque

119 1681 271 1728 augeat,
293 1681 474 1727 quantam
494 1676 575 1727 ejus
596 1676 670 1714 vim
689 1676 786 1714 inter
812 1677 916 1728 leges
937 1682 975 1714 et
999 1678 1141 1728 judicia
1160 1683 1198 1715 et
1217 1679 1255 1716 in
1274 1679 1409 1716 consti-

119 1741 204 1774 tuta
221 1749 262 1774 re
281 1736 432 1787 publica
449 1736 529 1774 fore
549 1737 758 1787 putamus?
806 1737 897 1775 XII.
928 1738 1020 1775 Mihi
1040 1738 1192 1788 quidem
1211 1752 1286 1776 non
1306 1739 1410 1789 apud

120 1796 254 1834 Medos
272 1796 406 1840 solum,
426 1801 470 1833 ut
489 1796 540 1834 ait
560 1796 792 1840 Herodotus,
815 1797 883 1834 sed
904 1797 1016 1835 etiam
1038 1798 1142 1849 apud
1164 1799 1325 1849 majores
1345 1812 1409 1837 no-

120 1861 228 1901 stros,
245 1856 403 1907 justitiae
429 1856 600 1894 fruendae
631 1870 745 1894 causa
763 1857 939 1894 videntur
967 1857 1055 1895 olim
1084 1859 1180 1896 bene
1199 1859 1334 1897 morati
1354 1872 1410 1897 re-

119 1929 187 1969 ges
206 1916 408 1954 constituti.
456 1916 560 1954 Nam
580 1930 666 1954 cum
686 1922 922 1968 premeretur
940 1917 1041 1956 initio
1062 1919 1265 1956 multitudo
1286 1920 1334 1957 ab
1355 1920 1409 1965 iis,
1433 1925 1454 1958 2

119 1977 184 2028 qui
201 1977 362 2028 majores
382 1989 474 2028 opes
493 1977 708 2015 habebant:
740 1977 789 2015 ad
808 1990 925 2015 unum
945 1978 1108 2028 aliquem
1129 1980 1409 2031 confugiebant,

120 2038 259 2076 virtute
288 2041 561 2089 praestantem;
590 2037 654 2088 qui
687 2050 774 2075 cum
802 2038 1019 2088 prohiberet
1047 2039 1183 2089 injuria
1211 2041 1410 2085 tenuiores,

122 2097 301 2148 aequitate
321 2094 584 2136 constituenda
611 2093 778 2136 summos
799 2094 885 2135 cum
904 2099 1037 2136 infimis
1059 2100 1140 2150 pari
1164 2100 1250 2150 jure
1279 2101 1412 2139 retine-

122 2158 199 2196 bat.
254 2157 474 2208 Eademque
494 2158 842 2196 constituendarum
863 2158 992 2210 legum
1011 2160 1083 2197 fuit
1103 2173 1228 2206 causa,
1249 2174 1336 2212 quae
1355 2175 1411 2199 re-
1434 2166 1455 2198 3

122 2231 225 2270 gum.
268 2217 292 2255 J
295 2230 340 2254 us
361 2218 459 2255 enim
479 2231 628 2269 semper
647 2223 705 2256 est
724 2219 926 2269 quaesitum
947 2221 1152 2270 aequabile:
1175 2234 1295 2272 neque
1316 2222 1413 2259 enim

123 2278 229 2315 aliter
256 2282 355 2315 esset
384 2277 458 2328 jus.
515 2278 561 2316 Id
582 2278 612 2316 si
631 2279 679 2316 ab
704 2291 779 2316 uno
803 2279 909 2329 justo
929 2284 966 2317 et
986 2281 1084 2318 bono
1104 2281 1182 2318 viro
1211 2294 1413 2331 conseque·
1434 2285 1456 2318 4

123 2338 272 2382 bantur,
294 2342 401 2374 erant
418 2349 463 2375 eo
483 2338 657 2376 contenti.
716 2339 816 2376 Cum
836 2339 874 2376 id
892 2340 1015 2378 minus
1044 2341 1287 2392 contingeret,
1310 2341 1414 2392 leges

125 2403 212 2436 sunt
230 2397 403 2441 inventae,
425 2410 511 2448 quae
538 2411 625 2436 cum
653 2399 825 2437 omnibus
854 2412 1004 2451 semper
1031 2413 1107 2437 una
1138 2406 1252 2451 atque
1281 2400 1415 2438 eadem

128 2470 218 2496 voce
237 2457 490 2510 loquerentur.
545 2458 650 2511 Ergo
669 2459 740 2497 hoc
755 2459 909 2510 quidem
929 2460 1171 2511 perspicuum
1191 2465 1260 2505 est,
1281 2473 1345 2499 eos
1365 2460 1414 2498 ad
1435 2466 1458 2499 5
