1674 2754
167 221 184 256 l
193 221 211 255 1
219 222 241 255 8
732 231 780 256 DE
801 231 969 257 ormcns

164 320 211 353 12
285 316 386 355 Nam
404 317 498 355 illud
517 317 680 369 quidem,
1221 375 1228 381 ι

423 393 554 441 N‘eque
572 393 665 436 dedi,
687 405 798 442 neque
817 393 863 430 do
882 392 1027 441 infideli
1046 392 1233 440 cuiquam,

230 463 368 501 idcirco
393 468 494 501 recte
515 477 536 500 a
556 471 679 515 poeta,
701 464 797 514 quia,
819 477 905 501 cum
925 467 1150 500 tractaretur
1168 463 1323 508 Atreus,
1344 475 1511 515 personas

166 526 213 559 13
235 523 472 560 serviendum
491 524 572 561 fuit.
631 524 707 561 Sed
727 524 757 560 si
775 524 847 560 hoc
867 523 936 560 sibi
955 528 1118 566 sumunt,
1132 522 1272 573 nullam
1288 536 1369 561 esse
1387 523 1512 566 fidem,

231 596 315 633 quae
347 584 486 621 infideli
506 584 595 622 data
623 585 680 628 sit,
701 584 862 628 videant,
883 596 929 621 nc
950 589 1139 634 quael-atiu·
1165 583 1310 621 latebra
1338 584 1512 635 perjurio.

163 646 210 680 14
231 643 300 680 Est
327 643 390 694 jus
419 644 530 681 etiam
560 645 746 686 bellicum.
781 644 948 694 fidesque
973 643 1067 694 juris
1093 643 1245 694 jurandi
1285 656 1385 694 saepe
1427 656 1514 682 cum

163 707 208 740 15
229 703 337 740 hoste
358 703 553 741 servanda.
610 704 721 749 Quod
741 704 838 741 enim
856 704 908 740 ita
924 704 1094 754 juratum
1114 709 1182 747 est,
1202 708 1246 740 ut
1264 716 1373 740 mens
1393 703 1512 741 conci-

231 767 338 812 peret
357 762 435 799 fien‘
455 769 640 813 oportere,
659 763 698 800 id
718 755 945 801 servandum
964 768 1042 800 est:
1073 763 1175 814 quod
1194 763 1311 807 aliter,
1332 762 1370 800 id
1391 763 1418 801 si
1439 776 1514 801 non

164 825 208 858 16
230 821 373 865 feceris,
394 822 539 859 nullum
569 828 627 859 est
656 823 875 873 perjurium.
932 823 998 867 Ut,
1029 823 1059 860 si
1088 823 1329 873 praedonibus
1357 827 1514 874 pactum

230 893 298 930 pro
327 881 449 931 capite
478 882 640 932 pretium
660 895 735 920 non
754 882 934 926 attuleris,
956 883 1059 919 nulla
1084 883 1188 920 fraus
1208 887 1277 927 est,
1297 895 1344 919 ne
1364 882 1395 920 si
1410 882 1512 932 jura-

162 940 207 977 17
230 945 290 976 tus
311 940 461 990 quidem
481 941 519 978 id
539 954 612 978 non
631 942 773 979 feceris.
830 942 931 978 Nam
952 942 1073 992 pirata
1090 952 1165 979 non
1184 947 1243 980 est
1262 942 1513 993 perduellium

228 1013 383 1037 numero
403 1000 588 1045 definitus,
609 1001 676 1039 sed
697 1002 902 1039 communis
930 1002 1049 1039 hostis
1078 1002 1256 1039 omnium.
1315 1002 1414 1039 Cum
1440 1003 1514 1040 hoc

163 1063 208 1097 18
228 1072 296 1097 uec
316 1060 409 1097 fides
425 1060 539 1098 debet
558 1059 626 1099 nec
638 1061 701 1112 jus
718 1061 923 1112 jurandum
943 1073 1024 1098 esse
1041 1066 1251 1100 commune.
1308 1062 1397 1099 Non
1416 1061 1514 1099 enim

228 1119 365 1157 falsum
396 1121 536 1170 jurare,
572 1121 765 1171 perjurare
798 1126 874 1165 est3
904 1121 982 1164 sed,
1015 1121 1117 1172 quod
1149 1135 1210 1158 Ex
1237 1134 1401 1159 ANIMI
1428 1134 1514 1160 ⁷1:111

229 1192 246 1216 s
259 1193 281 1215 E
296 1193 321 1216 x
333 1193 353 1216 T
366 1193 388 1216 E
403 1193 428 1216 x
441 1194 461 1217 r
474 1193 488 1216 1
501 1193 526 1216 A
552 1181 701 1231 juraris,
723 1180 819 1217 sicut
846 1181 968 1218 verbis
1004 1181 1211 1231 concipitur
1238 1194 1343 1219 more
1373 1186 1509 1226 nostro,

161 1243 207 1276 19
229 1239 266 1276 id
286 1252 361 1276 non
379 1239 514 1284 facere,
535 1240 742 1290 perjurium
761 1245 829 1277 est.
887 1240 987 1277 Scite
1008 1240 1105 1277 enim
1124 1240 1348 1291 Euripides:

478 1320 617 1358 ,saravi
637 1321 779 1369 linqua,
801 1326 951 1357 mentem
971 1321 1176 1369 injuratum
1191 1334 1287 1369 yero.

167 1399 216 1433 20
237 1395 408 1446 Regulus
424 1408 512 1433 vero
531 1408 606 1432 non
625 1395 755 1432 debuit
776 1395 1004 1432 conditiones
1024 1395 1293 1445 pactionesque
1312 1395 1465 1433 bellicas
1480 1401 1520 1434 et

166 1459 211 1492 21
233 1455 387 1492 hostiles
417 1455 638 1506 perturbare
669 1455 844 1505 perjum'o.
903 1455 1001 1491 Cum
1027 1455 1132 1504 justo
1161 1454 1258 1491 enim
1287 1459 1324 1491 et
1351 1455 1519 1506 legitimo

233 1515 341 1551 hoste
369 1527 428 1551 res
457 1515 670 1565 gerebatur,
693 1514 874 1551 adversus
894 1526 1007 1564 quem
1026 1519 1063 1550 et
1082 1518 1206 1551 totum
1231 1514 1295 1564 jus
1322 1514 1459 1559 fetiale,
1480 1520 1519 1553 et

165 1578 212 1611 22
233 1575 352 1611 multa
367 1580 454 1611 sunt
470 1575 557 1624 jura
577 1574 800 1611 communia.
858 1574 970 1618 Quod
989 1574 1026 1611 ni
1045 1573 1097 1610 ita
1112 1579 1221 1617 esset,
1238 1587 1429 1624 nunquam
1445 1574 1518 1612 cla-

232 1647 293 1671 ros
325 1634 424 1672 viros
456 1639 607 1671 senatus
639 1634 787 1671 vinctos
826 1634 999 1671 hostibus
1038 1633 1255 1671 dedidisset.
1311 1634 1431 1672 XXX.
1461 1635 1520 1672 At

232 1707 321 1731 vero
340 1694 381 1732 T.
403 1693 583 1731 Veturius
604 1699 641 1731 et
661 1694 727 1744 Sp.
748 1694 978 1737 Postumius,
999 1706 1086 1731 cum
1113 1693 1250 1731 iterum
1270 1694 1442 1731 consules
1461 1706 1517 1731 es-

233 1759 327 1798 sent,
348 1754 446 1804 quia‚
467 1767 554 1792 cum
572 1754 670 1791 male
690 1758 901 1805 pugnatum
915 1753 1018 1804 apud
1034 1753 1222 1790 Caudium
1242 1758 1351 1797 esset,
1365 1753 1518 1805 legioni-

233 1814 305 1851 bus
324 1814 462 1851 nost-ris
489 1814 561 1851 sub
588 1814 727 1864 jugum
754 1813 886 1856 missis,
909 1825 1042 1863 pacem
1063 1826 1150 1850 cum
1171 1813 1401 1850 Samnitibus
1420 1814 1518 1851 fece-

232 1878 328 1917 rant,
341 1873 459 1910 dediti
473 1878 560 1910 sunt
575 1874 654 1910 his:
681 1873 828 1923 injussu
842 1873 939 1910 enim
955 1872 1086 1923 populi
1099 1878 1325 1922 senatusque
1340 1873 1517 1911 fecerant.

183 1938 205 1971 2
234 1933 455 1983 Eodemque
475 1938 645 1984 tempore
660 1933 713 1970 Ti.
730 1933 938 1976 Numicius,
956 1933 1000 1976 Q.
1018 1932 1176 1976 Maelius,
1194 1932 1258 1982 qui
1280 1938 1361 1969 tum
1379 1933 1519 1970 tribuni

233 1993 354 2043 plebis
383 1998 500 2036 erant,
521 1992 624 2043 quod
645 2005 774 2030 eorum
801 1992 1024 2030 auctoritate
1054 2005 1130 2043 pax
1159 1997 1240 2029 erat
1267 1992 1379 2036 facta,
1401 1992 1519 2030 dediti

183 2057 204 2089 3
234 2058 332 2096 sunt,
345 2058 388 2089 ut
407 2065 481 2103 pax
501 2053 725 2090 Samnitium
744 2052 1016 2102 repudiaretur.
1072 2052 1204 2102 Atque
1223 2052 1339 2102 hujus
1359 2052 1518 2090 deditio·

233 2112 290 2150 nis
318 2113 399 2162 ipse
431 2112 659 2156 Postumius,
690 2112 755 2162 qui
791 2112 1012 2155 dedebatur‚
1041 2124 1173 2148 suasor
1202 2116 1240 2149 et
1272 2116 1406 2149 auctor
1433 2112 1517 2150 fuit.

235 2171 348 2217 Quod
366 2171 467 2209 idem
486 2172 614 2208 multis
637 2172 741 2208 annis
761 2176 849 2222 post
865 2171 907 2208 C.
929 2171 1136 2214 Mancinus,
1159 2171 1234 2221 qui,
1255 2177 1300 2208 ut
1319 2172 1518 2209 Numanti-

234 2232 302 2275 nis,
325 2231 551 2282 quibuscum
581 2231 658 2268 sine
689 2236 842 2268 senatus
873 2231 1096 2268 auctoritate
1127 2231 1252 2268 foedus
1279 2232 1432 2276 fecerat,
1454 2231 1517 2269 de-

236 2291 402 2335 deretur,
421 2291 653 2342 rogationem
681 2291 798 2328 suasit
825 2303 919 2335 cam,
940 2303 1053 2341 quam
1078 2291 1120 2328 L.
1150 2291 1297 2335 Furius,
1321 2291 1359 2328 S.
1380 2291 1519 2328 Atilius

236 2363 283 2388 ex
301 2355 454 2388 senatus
473 2350 645 2388 consulto
664 2350 856 2388 ferebant:
887 2363 961 2400 qua
980 2359 1147 2401 accepta,
1169 2356 1227 2388 est
1253 2351 1426 2389 hostibus
1454 2351 1518 2389 de-

192 2415 216 2448 4
236 2411 349 2448 ditus.
405 2410 609 2448 Honestius
627 2410 688 2447 hic
707 2422 821 2460 quam
835 2410 878 2454 Q.
895 2410 1111 2461 Pompeius,
1126 2423 1212 2461 quo,
1226 2424 1314 2448 cum
1331 2411 1369 2448 in
1387 2410 1519 2448 eadem

194 2476 217 2517 5
237 2482 349 2509 caus-a
378 2474 490 2514 esset,
511 2469 749 2522 deprecante,
771 2474 929 2520 accepta
955 2470 1017 2507 lex
1035 2483 1111 2508 non
1135 2476 1205 2508 est.
1262 2470 1338 2508 Hic
1357 2483 1413 2515 ea,
1433 2481 1519 2521 quae
