1674 2754
623 183 737 208 Lmen
756 184 781 208 1.
839 184 927 209 oAP.
948 185 1036 209 xxx.
1463 174 1509 208 39

155 272 249 306 ceat.
305 269 460 320 Duplex
487 269 635 307 omnino
663 274 721 308 est
749 269 902 320 jocandi
929 282 1073 320 genus:
1104 283 1221 307 unum
1251 270 1441 314 illiberale,
1464 273 1512 307 10

152 327 338 378 petulanS‚
359 329 598 380 flagitiosum,
619 330 863 374 obscoenum
884 329 1045 367 alterum
1064 329 1229 380 elegans,
1243 331 1441 374 urbanum,

151 387 394 439 ingeniosum,
414 389 591 427 facetum.
650 390 733 434 Quo
751 402 888 441 genere
908 402 982 426 non
1001 389 1114 426 modo
1133 389 1294 426 Plautus
1314 394 1441 426 noster
1462 394 1507 426 11

151 451 190 485 et
220 447 439 486 Atticorum
472 449 625 499 antiqua
660 450 857 494 comoedia,
888 449 955 486 sed
984 449 1097 486 etiam
1127 449 1440 499 philosophorum

151 506 427 546 Socraticorum
455 509 539 546 libri
567 509 694 546 referti
722 514 835 553 sunt;
865 509 1060 559 multaque
1088 509 1294 546 multorum
1318 508 1440 545 facete

150 566 272 612 dieta;
301 572 346 605 ut
372 581 427 612 ea,
448 582 534 619 quae
555 581 578 605 a
600 581 688 606 sene
719 569 862 606 Catone
891 568 1049 606 collecta
1076 573 1175 613 sunt,
1198 582 1284 619 quae
1305 573 1440 605 vocant

122 667 124 669 ‚
149 627 434 678 ἀποφθέγματα.
490 628 626 666 Facilis
651 629 767 680 igitur
792 633 850 666 est
878 628 1067 666 distinctio
1090 628 1242 679 ingenui
1266 632 1305 665 et
1322 628 1438 665 illibe-
1463 633 1507 664 ]·2

148 687 234 724 ralis
263 687 349 738 joci.
431 687 545 725 Alter
580 691 649 732 est,
699 687 730 724 si
764 691 935 754 tempore
982 687 1037 732 fit,
1083 687 1238 725 remisso
1287 687 1438 725 homine

147 746 307 798 dignus;
335 747 431 784 alter
449 759 496 784 ne
515 747 632 785 libero
651 747 815 798 quidem,
836 748 866 784 si
886 760 1011 784 rerum
1031 747 1255 798 turpitudini
1283 747 1438 785 adhibe-

146 810 208 844 tur
221 808 422 845 verborum
437 807 622 845 obscoenit
625 820 676 845 a.s
733 807 909 845 Ludendi
928 808 1041 844 etiam
1056 812 1114 845 est
1129 807 1285 858 quidam
1303 807 1438 844 modus
1461 811 1507 844 13

145 866 385 905 retinendus:
415 872 458 904 ut
491 880 538 904 ne
571 867 677 904 nimis
710 867 832 904 omnir
865 867 1150 918 profundamus,
1186 863 1347 917 elatique
1374 880 1438 904 vo-

145 926 292 978 luptate
323 927 360 965 in
392 927 558 977 aliquam
585 927 860 977 turpitudinem
889 927 1122 964 delabamur.
1179 927 1450 977 Suppeditant
1460 930 1506 964 14

145 992 273 1025 autem
292 992 330 1025 et
349 1000 508 1038 campus
534 992 660 1024 noster
680 991 718 1024 et
746 987 872 1024 studia
890 987 1051 1024 venandi
1078 987 1238 1024 honesta
1265 987 1439 1038 exempla

145 1046 310 1085 ludendi.

195 1166 314 1204 XXX.
345 1166 424 1204 Sed
445 1167 606 1217 pertinet
626 1167 676 1204 ad
696 1179 846 1204 omnem
874 1166 982 1204 officii
1010 1166 1266 1217 quaestionem,
1288 1179 1438 1218 semper

143 1225 180 1264 in
198 1231 379 1278 promptu
397 1227 549 1272 habere,
570 1231 754 1278 quantum
784 1231 917 1264 natura
944 1226 1104 1264 hominis
1124 1227 1334 1277 pecudibus
1353 1228 1435 1265 reli-

142 1286 299 1337 quisque
314 1287 433 1325 beluis
452 1287 665 1325 antecedat.
714 1287 797 1324 111ae
812 1287 904 1324 nihil
923 1287 1088 1324 sentiunt
1104 1287 1174 1324 nisi
1182 1287 1434 1338 voluptatem,
1457 1293 1478 1325 2

141 1346 191 1384 ad
210 1350 366 1398 eamque
394 1347 697 1384 feruntur'omni
723 1346 892 1398 impetu:
920 1346 1080 1384 hominis
1109 1352 1237 1384 autem
1256 1360 1361 1384 mens
1381 1348 1434 1384 di-

141 1406 282 1444 scendo
310 1407 422 1445 alitur
440 1412 479 1444 et
506 1407 720 1458 cogitando,
741 1419 891 1457 semper
917 1407 1057 1457 aliquid
1086 1411 1152 1444 aut
1180 1407 1341 1457 anquirit
1369 1412 1436 1445 aut

141 1467 231 1518 agit,
247 1467 472 1531 videndique
488 1472 526 1505 et
540 1466 717 1504 audiendi
736 1467 984 1504 delectatione
1006 1466 1167 1504 ducitur.
1212 1467 1311 1512 Quin
1323 1467 1435 1505 etiam
1455 1473 1476 1505 3

142 1526 172 1564 si
191 1527 273 1577 quis
293 1514 370 1564 est
379 1527 494 1578 paulo
522 1527 571 1564 ad
591 1527 806 1577 voluptates
836 1526 1068 1576 propensior,
1088 1526 1204 1563 modo
1231 1539 1280 1564 ne
1308 1527 1355 1564 sit
1388 1540 1435 1564 ex

142 1587 331 1637 pecudum
363 1599 501 1638 genere
535 1585 640 1653 (sunt
673 1586 771 1623 enim
799 1585 954 1636 quidam
986 1586 1155 1623 homines
1183 1598 1258 1623 non
1285 1598 1336 1630 re,
1365 1586 1433 1624 sed

141 1645 318 1698 nomine,)
348 1646 415 1684 sed
443 1646 473 1684 si
500 1646 584 1697 quis
612 1651 670 1683 est
698 1645 812 1697 paulo
841 1645 1008 1690 erectior,
1039 1645 1209 1696 quamvis
1237 1646 1433 1696 voluptate

142 1706 321 1756 capiatur,
337 1707 561 1752 oecultatyet
581 1705 792 1743 dissimulat
811 1705 1024 1756 appetitum
1039 1705 1254 1756 voluptatis,
1276 1710 1434 1757 propter

142 1766 414 1804 verecundiam.
470 1767 629 1817 Exque
657 1765 887 1817 intelligitur,
910 1765 1076 1816 corporis
1095 1765 1330 1816 voluptatem
1358 1779 1434 1804 non
1452 1770 1475 1803 4

140 1826 230 1863 satis
260 1838 341 1864 esse
371 1825 526 1878 dignam
554 1825 712 1864 hominis
741 1825 971 1876 praestantia,
993 1837 1152 1876 eamque
1180 1826 1367 1864 contemni
1395 1831 1432 1864 et

139 1886 242 1936 rejici
260 1890 455 1938 oportere:
477 1886 534 1924 sin
552 1886 601 1933 sit
619 1886 816 1937 quispiam,
833 1885 897 1936 qui
916 1885 1056 1935 aliquid
1076 1885 1218 1923 tribuat
1234 1886 1430 1937 voluptati,
1440 1883 1460 1898 ”

140 1945 338 1997 diligenter
356 1946 390 1984 ei
412 1946 618 1984 tenendum
646 1958 727 1983 esse
755 1945 838 1996 ejus
867 1945 1038 1983 fruendae
1070 1945 1238 1984 modum.
1295 1946 1431 1997 Itaque
1451 1952 1474 1985 5

141 2005 260 2044 victus
280 2006 479 2057 cultusque
505 2006 671 2057 eorporis
699 2005 749 2043 ad
768 2005 1021 2043 valetudinem
1049 2006 1233 2043 referatur
1253 2010 1291 2044 et
1310 2005 1360 2043 ad
1379 2006 1430 2044 vi-

141 2079 209 2110 res,
234 2079 309 2104 non
336 2066 386 2104 ad
414 2066 660 2117 voluptatem.
716 2065 847 2116 Atque
874 2065 986 2103 etiam
1014 2065 1043 2103 si
1072 2065 1307 2121 considerare
1326 2066 1430 2104 volu-
1451 2069 1474 2104 6

141 2136 235 2170 mus,
255 2138 341 2177 quae
369 2126 416 2164 sit
442 2125 479 2164 in
507 2131 642 2164 natura
669 2126 830 2163 hominis
865 2125 1087 2163 excellentia
1115 2133 1153 2163 et
1181 2126 1356 2177 dignitas,
1376 2126 1429 2163 in-

141 2185 364 2237 telligemus,
384 2199 498 2237 quam
526 2186 573 2224 sit
600 2191 712 2237 turpe
741 2186 910 2223 diffluere
938 2185 1094 2230 luxuria,
1125 2190 1163 2223 et
1195 2186 1354 2224 delicate
1387 2200 1430 2223 ae

141 2245 301 2283 molliter
318 2246 466 2284 vivere:
497 2258 685 2297 quamque
713 2246 914 2284 honestum
943 2258 1067 2296 parce,
1097 2246 1341 2290 continenter,
1372 2259 1429 2283 se-

143 2317 238 2349 vere,
259 2305 391 2343 sobrie.

194 2424 486 2477 Intelligendum
514 2426 628 2464 etiam
655 2430 725 2471 est,
746 2425 896 2465 duabus
916 2426 1021 2477 quasi
1041 2437 1108 2463 nos
1128 2437 1151 2462 a
1169 2429 1303 2463 natura
1321 2425 1427 2465 indu-
1451 2427 1470 2465 '1
