1674 2754
165 199 214 232 92
715 206 763 230 DE
784 205 949 230 omucns

234 297 332 330 taret
359 305 398 330 se
417 293 552 336 valere,
573 292 603 329 si
631 291 789 342 proximi
816 291 976 329 membri
1003 291 1256 328 valetudinem
1283 291 1332 328 ad
1360 304 1401 328 se
1429 302 1503 328 tra·

234 352 413 396 duxisset,
430 352 612 390 debilitari
627 357 665 389 et
679 352 826 389 interire
842 356 968 389 totum
983 364 1119 400 corpus
1134 363 1284 388 necesse
1300 355 1417 388 esset:
1439 351 1502 395 sic,-

234 412 264 449 si
282 426 379 449 unus
398 413 554 463 quisque
572 417 740 449 nostrum
759 411 808 448 ad
827 424 866 448 se
886 411 1007 461 rapiat
1033 411 1231 448 commoda
1251 411 1417 455 aliorum,
1439 411 1503 448 de-

233 472 431 522 trahatque
447 473 547 522 quod
567 472 699 522 cuique
719 471 848 522 possit,
865 470 1106 508 emolumenti
1125 471 1181 507 sui
1199 471 1331 522 gratia,
1347 471 1504 508 societas

191 534 212 568 4
233 532 422 569 hominum
443 538 480 569 et
499 532 745 570 communitas
765 536 955 568 evertatur
972 543 1124 568 necesse
1143 536 1210 568 est.
1257 531 1357 568 Nam
1375 531 1444 568 sibi
1462 535 1505 568 ut

233 591 391 641 quisque
410 592 524 636 malit,
545 592 647 642 quod
667 591 715 628 ad
735 604 847 628 usum
865 591 952 628 vitae
972 590 1167 641 pertineat,
1188 603 1301 640 quam
1320 591 1426 627 alteri
1444 603 1504 627 ac-

232 651 389 701 quirere,
410 665 628 689 concessum
647 656 714 695 est,
730 664 804 688 non
823 655 1057 702 repugnante
1075 655 1209 687 natura
1225 662 1232 687 :
1262 650 1354 687 illud
1372 654 1506 687 natura

232 722 307 747 non
322 711 474 761 patitur,
490 716 533 748 ut
548 711 703 748 aliorum
720 710 845 761 spoliis
864 716 1010 748 nostras
1029 710 1240 754 facultates,
1262 710 1398 760 copias,
1414 722 1506 760 opes

189 775 211 808 5
233 782 450 820 augeamus.
509 771 643 820 Neque
663 784 750 808 vero
764 771 836 808 hoc
856 770 977 808 solum
997 775 1142 814 natura,
1162 769 1202 807 id
1229 774 1287 807 est
1312 769 1397 820 jure
1415 782 1505 820 gen-

232 829 335 872 tium,
356 829 423 865 sed
443 829 554 866 etiam
572 830 718 880 legibus
739 830 976 880 populorum,
998 829 1132 879 quibus
1151 829 1187 866 in
1207 829 1360 882 singulis
1380 829 1505 866 civita-

231 888 331 925 tibus
351 901 410 924 res
430 889 581 937 publica
601 889 821 931 continetur,
839 889 972 925 eodem
991 889 1104 925 modo
1119 889 1364 926 constitutum
1379 893 1447 932 est,
1463 893 1506 926 ut

189 951 211 985 6
231 960 305 984 non
323 947 434 984 liceat
453 948 509 984 sui
529 948 717 986 commodi
743 960 856 985 causa
874 960 1009 985 nocere
1028 948 1145 985 alteri.
1201 948 1285 985 Hoc
1305 948 1403 985 enim
1422 961 1505 998 spe-

231 1012 333 1045 ctant
347 1007 460 1057 legeS,
471 1007 541 1044 hoc
551 1008 692 1051 volunt,
708 1008 932 1045 incolumem
948 1020 1029 1044 esse
1046 1007 1179 1045 civium
1191 1008 1505 1058 conjunctionem:

231 1080 344 1117 quam
360 1066 423 1116 qui
438 1067 625 1111 dirimunt,
642 1080 705 1104 eos
724 1072 855 1110 morte,
872 1067 992 1111 exilio,
1008 1067 1148 1111 vinclis,
1166 1067 1302 1105 damno
1322 1072 1505 1106 coercent.

189 1127 210 1164 7
231 1127 361 1176 Atque
394 1127 463 1163 hoc
493 1128 613 1164 multo
640 1128 763 1178 magis
792 1127 904 1164 efficit
931 1127 1012 1176 ipsa
1039 1132 1185 1164 naturae
1212 1127 1316 1171 ratio,
1337 1140 1422 1177 quae
1449 1132 1507 1165 est

230 1186 290 1223 lox
309 1188 432 1224 dixdna
452 1192 490 1224 et
509 1188 682 1230 humana,
705 1187 764 1223 cui
783 1199 913 1236 parere
933 1187 997 1236 qui
1017 1187 1105 1223 velit
1127 1185 1271 1237 (omnes
1291 1192 1418 1224 autem
1439 1200 1504 1238 pa-

230 1247 376 1291 rebunt,
398 1247 460 1297 qui
480 1246 687 1284 secundum
706 1251 879 1283 naturam
892 1246 1018 1283 volent
1034 1244 1173 1296 vivere)
1194 1259 1385 1296 nunquam
1405 1259 1504 1284 com-

229 1306 364 1350 mittet,
385 1312 428 1344 ut
455 1306 615 1343 alienum
643 1310 810 1355 appetat,
832 1310 870 1343 et
888 1305 937 1349 id,
959 1306 1060 1356 quod
1079 1305 1185 1342 alteri
1204 1305 1415 1349 detraxerit,
1437 1307 1506 1344 sibi

188 1369 210 1403 8
230 1371 406 1403 assumat.
454 1366 602 1403 Etenim
621 1365 740 1402 multo
760 1365 880 1415 magis
896 1370 953 1402 est
968 1365 1175 1402 secundum
1194 1370 1366 1402 naturam
1386 1367 1504 1403 excel-

230 1425 318 1462 sitas
338 1426 449 1462 animi
469 1430 506 1462 et
525 1425 756 1476 magnitudo,
778 1425 942 1475 itemque
963 1425 1221 1470 communitas,
1240 1425 1395 1476 justitia,
1415 1426 1505 1464 libe-

229 1485 368 1528 ralitas,
390 1498 502 1535 quam
530 1485 716 1535 voluptas,
745 1497 856 1534 quam
886 1485 975 1528 vita,
997 1497 1110 1534 quam
1130 1485 1291 1522 divitiae:
1321 1498 1405 1536 quae
1425 1486 1504 1536 qui-

230 1544 316 1581 dem
337 1551 573 1581 contemnere
593 1550 631 1581 et
651 1557 719 1594 pro
738 1545 850 1581 nihilo
867 1544 1014 1588 ducere,
1033 1550 1312 1595 comparantem
1332 1558 1417 1582 cum
1434 1546 1505 1583 uti-

188 1607 210 1641 9
230 1603 334 1641 litate
349 1605 548 1647 communi,
565 1604 691 1655 magni
707 1604 817 1641 animi
832 1609 871 1641 et
885 1605 1021 1642 excelsi
1040 1610 1108 1643 est.
1156 1605 1365 1642 Detrahere
1380 1610 1506 1643 autem

230 1663 277 1700 de
293 1664 409 1701 altero
425 1664 481 1700 sui
501 1664 687 1701 commodi
703 1676 826 1709 causa,
843 1665 962 1716 magis
978 1670 1034 1702 est
1050 1669 1178 1702 contra
1192 1669 1375 1709 naturam,
1391 1677 1506 1715 quam

165 1727 210 1760 10
229 1736 340 1767 morS‚
362 1736 476 1773 quam
496 1724 614 1767 dolor,
636 1736 749 1773 quam
773 1729 895 1761 cetera
923 1725 1070 1775 generis
1097 1724 1277 1775 ejusdem.
1334 1725 1506 1774 Itemque

228 1782 349 1832 magis
369 1788 425 1819 est
445 1783 651 1820 secundum
669 1787 854 1826 naturam,
877 1796 946 1833 pro
969 1784 1139 1821 omnibus
1164 1784 1350 1834 gentibus,
1371 1784 1402 1821 si
1428 1784 1504 1822 fieri

230 1842 358 1892 possit,
379 1842 639 1879 conservandis
659 1847 724 1878 aut
740 1842 916 1892 juvandis
936 1842 1117 1879 maximos
1135 1843 1282 1880 labores
1297 1843 1504 1881 molestias-

230 1914 303 1950 que
336 1901 534 1951 suscipere,
563 1901 772 1938 imitantem
802 1901 1006 1939 Herculem
1032 1902 1149 1946 illum,
1170 1915 1283 1952 quem
1310 1903 1502 1940 hominum

229 1961 341 2004 fama,
362 1961 625 1998 beneficiorum
650 1973 805 2005 memor,
826 1961 863 1997 in
889 1961 1042 1998 concilio
1069 1961 1277 1999 coelestium
1296 1962 1502 2006 collocavit,

231 2033 344 2070 quam
366 2021 491 2058 vivere
511 2021 548 2057 in
567 2020 777 2064 solitudine,
797 2034 871 2057 non
897 2021 1009 2058 modo
1029 2021 1106 2058 sine
1124 2021 1208 2058 ullis
1227 2021 1415 2065 molestiis,
1436 2021 1500 2059 sed

230 2080 341 2117 etiam
369 2081 406 2117 in
425 2081 592 2117 maximis
611 2080 878 2130 voluptatibus,
899 2080 1153 2117 abundantem
1181 2081 1351 2118 omnibus
1377 2081 1502 2131 copiis,

165 2144 208 2177 11
230 2144 273 2176 ut
291 2140 450 2177 excellas
470 2140 582 2177 etiam
601 2140 877 2189 pulchritudine
897 2145 935 2177 et
953 2140 1101 2177 viribus.
1159 2141 1342 2185 Quocirca
1361 2142 1504 2192 optimo

230 2199 385 2249 quisque
416 2205 454 2236 et
485 2199 786 2249 splendidissimo
819 2199 965 2250 ingenio
999 2200 1110 2250 longe
1140 2200 1241 2237 illam
1269 2201 1384 2237 vitam
1418 2201 1503 2239 huic

164 2263 209 2296 12
231 2259 433 2309 anteponit.
489 2259 546 2295 Ex
573 2271 648 2308 quo
677 2259 843 2302 efficitur,
877 2259 1065 2296 hominem
1093 2265 1238 2297 naturae
1269 2260 1503 2298 obedientem

163 2322 208 2356 13
231 2318 370 2355 homini
387 2331 521 2355 nocere
538 2331 612 2355 non
631 2331 751 2368 posse.
800 2318 945 2355 Deinde
964 2319 1027 2368 qui
1046 2319 1207 2356 alterum
1222 2319 1347 2363 violat,
1363 2324 1406 2356 ut
1423 2319 1504 2370 ipse

231 2378 369 2428 aliquid
400 2377 586 2415 commodi
616 2382 876 2427 consequatur,
898 2382 965 2414 aut
990 2378 1082 2415 nihil
1109 2378 1297 2416 existimat
1322 2391 1362 2416 se
1380 2379 1504 2416 faeere

230 2442 360 2476 contra
377 2442 550 2475 naturam
567 2449 575 2481 ;
604 2441 671 2474 aut
688 2437 810 2488 magis
827 2437 1045 2489 fugiendam
1063 2442 1191 2476 censet
1211 2443 1383 2482 mortem,
1411 2450 1504 2489 pau·
