1674 2754
163 203 237 237 120
727 213 776 237 DE
797 214 967 239 ormcns

184 302 207 335 9
227 310 268 335 se
286 297 561 336 adolescentem
577 299 688 350 jussit
705 300 839 337 venire.
895 300 952 336 At
970 299 1041 343 ille,
1061 304 1106 337 ut
1122 299 1311 351 ingressus
1329 305 1398 345 est,
1419 314 1505 339 con-

227 357 351 395 festim
370 358 539 409 gladium
557 359 762 403 destrinxit,
780 360 1003 410 juravitque,
1019 372 1058 397 se
1072 359 1178 397 illum
1192 360 1318 398 statim
1336 361 1506 399 interfec-

228 422 366 462 turum,
387 418 455 455 nisi
481 419 544 469 jus
574 419 779 469 jurandum
800 419 976 462 dedisset,
998 432 1037 456 se
1066 424 1213 469 patrem
1240 421 1397 457 missum
1425 434 1507 459 esse

161 481 207 515 10
227 478 432 516 facturum.
487 478 636 516 Juravit
655 479 726 516 hoc
747 484 899 516 coactus
919 484 1058 516 terrore
1077 479 1330 529 Pomponius;
1359 493 1439 517 rem
1458 480 1507 517 ad

229 537 413 588 populum
446 537 581 575 detulit
597 551 605 582 3
635 538 773 582 docuit,
803 552 869 576 cur
907 538 976 576 sibi
1005 551 1118 576 causa
1149 538 1328 576 desistere
1357 552 1508 577 necesse

162 601 205 635 11
229 602 349 641 esset;
379 597 561 634 Manlium
589 598 744 635 missum
772 598 859 635 fecit
927 599 1088 635 Tantum
1109 599 1339 649 temporibus
1358 599 1429 636 illis
1445 599 1508 649 jus

224 657 427 708 jurandum
447 657 607 694 valebat.
663 658 793 708 Atque
813 658 872 695 hic
892 658 931 695 T.
949 658 1110 695 Manlius
1129 658 1159 695 is
1178 666 1246 702 est,
1267 658 1330 708 qui
1348 658 1398 695 ad
1416 659 1507 696 Ani-

227 729 336 754 enem
357 717 466 760 Galli,
488 730 600 767 quem
632 718 679 754 ab
709 730 753 754 eo
784 723 1011 768 provocatus
1045 717 1244 762 occiderat,
1274 723 1408 768 torque
1444 718 1509 755 de·

229 781 358 819 tracto,
381 788 589 826 cognomen
617 776 775 814 invenit:
807 778 915 828 cujus
943 778 1053 815 tertio
1082 778 1281 815 consulatu
1308 777 1431 815 Latini
1457 776 1508 814 ad

229 835 400 872 Veserim
420 835 493 873 fusi
521 840 559 872 et
586 836 717 886 fugati.
775 836 938 887 Magnus
958 837 1014 874 vir
1032 837 1070 874 in
1089 837 1227 888 primis,
1248 842 1286 875 et
1305 837 1370 888 qui
1389 836 1512 888 perin-

227 895 387 946 dulgens
407 895 444 932 in
463 900 621 946 patrem,
642 895 742 932 idem
761 897 894 933 acerbe
914 909 1065 934 severus
1085 897 1122 933 in
1141 897 1268 935 filium.

280 1015 442 1052 XXXII.
464 1014 540 1052 Sed
556 1020 599 1052 ut
613 1015 824 1052 laudandus
843 1015 1016 1066 Regulus
1029 1015 1067 1052 in
1082 1015 1335 1053 conservando
1351 1015 1436 1066 jure
1452 1015 1513 1066 ju-

227 1075 356 1118 rando,
378 1075 429 1111 sic
450 1075 581 1112 decem
601 1075 663 1118 illi,
685 1088 779 1125 quos
800 1080 887 1125 post
908 1076 1145 1112 Cannensem
1173 1088 1342 1126 pugnam
1367 1075 1514 1126 juratos

227 1135 277 1172 ad
297 1140 468 1172 senatum
487 1135 586 1171 misit
606 1135 806 1178 Hannibal,
823 1148 863 1172 se
882 1135 918 1172 in
939 1142 1062 1172 castra
1080 1135 1267 1172 redituros
1286 1148 1341 1178 ea,
1355 1147 1514 1185 quorum

229 1199 334 1232 erant
353 1195 461 1244 potiti
480 1194 600 1237 Poeni,
622 1194 690 1231 nisi
709 1194 756 1231 de
776 1194 1003 1231 redimendis
1023 1194 1179 1245 captivis
1198 1195 1513 1244 impetravissent,

186 1259 208 1292 2
229 1255 259 1292 si
286 1267 360 1291 non
388 1254 589 1297 redierunt,
619 1254 866 1304 vituperandi.
923 1254 982 1291 De
1012 1255 1148 1304 quibus
1176 1267 1251 1291 non
1281 1266 1409 1290 omnes
1439 1266 1515 1291 uno

229 1315 353 1352 modo.
401 1314 502 1351 Nam
520 1314 713 1364 Polybius,
728 1315 849 1351 bonus
868 1319 999 1351 auctor
1016 1314 1054 1351 in
1073 1314 1211 1364 primis,
1233 1326 1279 1350 ex
1300 1314 1431 1351 decem
1449 1326 1515 1350 no-

229 1374 425 1417 bilissimiS‚
446 1373 510 1424 qui
528 1378 610 1410 tum
629 1378 735 1410 erant
754 1373 866 1417 missi,
886 1386 1023 1410 novem
1042 1374 1238 1410 revertisse
1260 1371 1396 1424 [dicit],
1417 1385 1440 1409 a
1459 1385 1516 1410 se-

229 1439 322 1471 natu
340 1446 379 1471 re
394 1446 467 1470 non
487 1433 703 1482 impetrata:
724 1446 842 1470 unum
857 1445 903 1469 ex
918 1433 1060 1476 decem,
1077 1433 1140 1482 qui
1159 1432 1272 1482 paulo
1287 1437 1385 1483 post,
1402 1445 1517 1482 quam

231 1506 405 1545 egressus
433 1497 512 1529 erat
535 1505 556 1529 e
575 1492 717 1536 castris,
738 1492 908 1536 redisset,
929 1492 1036 1542 quasi
1065 1491 1206 1542 aliquid
1236 1496 1336 1529 esset
1365 1492 1515 1536 oblitus,

187 1559 209 1591 3
230 1554 363 1591 Romae
381 1552 616 1590 remansisse.
674 1551 815 1589 Reditu
834 1552 932 1589 enim
950 1552 988 1589 in
1007 1556 1131 1589 castra
1157 1552 1357 1589 liberatum
1377 1563 1416 1589 se
1435 1564 1517 1589 esse

226 1614 311 1665 jure
328 1612 491 1664 jurando
509 1612 837 1662 interpretabatur.
893 1612 981 1649 Non
999 1617 1123 1649 recte:
1147 1612 1250 1648 fraus
1269 1611 1367 1648 enim
1386 1611 1516 1648 astrin-

187 1678 210 1710 4
229 1673 297 1725 git,
312 1685 387 1710 non
402 1672 571 1710 dissolvit
590 1672 809 1723 perjurium.
852 1672 941 1709 Fuit
960 1672 1076 1723 igitur
1089 1671 1207 1709 stulta
1222 1671 1417 1715 calliditas,
1433 1684 1517 1722 per-

229 1746 337 1771 verse
363 1733 507 1770 imitata
536 1732 786 1782 prudentiam.
843 1732 979 1782 Itaque
1010 1731 1177 1769 decrevit
1203 1737 1366 1775 senatus,
1387 1736 1430 1768 ut
1456 1731 1518 1768 ille

189 1800 211 1832 5
231 1796 421 1830 veterator
439 1797 478 1829 et
497 1791 656 1829 callidus
676 1792 823 1829 vinctus
842 1791 891 1828 ad
912 1791 1162 1828 Hannibalem
1181 1791 1392 1828 duceretur.
1441 1790 1519 1828 Sed

231 1852 326 1890 illud
344 1851 571 1889 maximum:
602 1857 688 1889 octo
707 1851 901 1889 hominum
928 1851 1029 1888 milia
1047 1851 1201 1888 tenebat
1220 1850 1422 1894 Hannibal,
1443 1863 1519 1887 non

231 1924 326 1962 quos
355 1912 393 1949 in
420 1911 499 1949 acie
528 1911 700 1961 cepisset,
722 1915 789 1948 aut
815 1911 881 1961 qui
910 1910 1075 1961 periculo
1104 1910 1235 1948 mortis
1265 1910 1516 1961 diffugissent,

233 1971 302 2009 sed
331 1971 395 2022 qui
421 1971 540 2009 relicti
566 1971 604 2008 in
632 1970 763 2008 castris
782 1971 940 2008 fuissent
959 1983 981 2007 a
999 1970 1120 2007 Paulo
1140 1974 1179 2007 et
1197 1982 1220 2006 a
1239 1969 1409 2007 Varrone
1430 1982 1517 2007 con-

191 2035 213 2069 6
234 2031 387 2068 sulibus.
443 2031 519 2068 Eos
539 2035 691 2068 senatus
710 2043 785 2067 non
805 2030 949 2068 censuit
967 2029 1216 2073 redimendos,
1238 2043 1323 2067 cum
1342 2029 1381 2066 id
1401 2041 1519 2080 parva

233 2091 391 2142 pecunia
422 2090 501 2128 fieri
527 2095 677 2141 posset:
707 2095 751 2127 ut
781 2095 881 2127 esset
907 2090 1059 2127 insitum
1085 2090 1263 2127 militibus
1290 2089 1426 2126 nostris
1451 2094 1519 2126 aut

192 2152 213 2189 7
233 2151 390 2195 vincere,
411 2155 478 2187 aut
497 2150 623 2187 emori.
671 2150 755 2194 Qua
775 2150 927 2200 quidem
946 2162 987 2187 re
1007 2149 1147 2194 audita,
1167 2150 1332 2187 fractum
1353 2149 1518 2186 animum

235 2210 454 2248 Hannibalis
474 2210 601 2247 scribit
618 2209 730 2253 idem,
751 2210 855 2260 quod
875 2214 1026 2247 senatus
1056 2209 1295 2260 populusque
1324 2209 1518 2246 Romanus

193 2276 214 2309 8
235 2271 348 2308 rebus
363 2270 508 2308 afflictis
526 2275 604 2306 tam
620 2269 767 2307 excelso
782 2269 904 2306 animo
922 2269 1064 2307 fuisset.
1109 2269 1171 2307 Sic
1190 2268 1396 2306 honestatis
1416 2281 1517 2306 com·

192 2335 215 2369 9
235 2330 428 2382 paratione
447 2342 502 2375 ea,
518 2342 604 2380 quae
626 2329 800 2367 videntur
817 2329 934 2373 utilia,
954 2329 1166 2367 vincuntur.
1213 2329 1358 2367 Acilius
1376 2332 1517 2372 autem,

236 2390 300 2441 qui
322 2391 458 2429 Graece
483 2389 631 2440 scripsit
646 2387 864 2433 historiam,
886 2389 1014 2440 plures
1040 2389 1092 2427 ait
1111 2389 1236 2433 fuisse,
1257 2388 1322 2439 qui
1339 2388 1377 2425 in
1395 2391 1518 2425 castra

234 2450 486 2495 revertissent,
503 2449 636 2488 eadem
655 2448 799 2493 fraude,
820 2454 864 2487 ut
879 2449 965 2501 jure
981 2449 1144 2500 jurando
1162 2449 1419 2493 liberarentur,
1435 2459 1517 2486 eos-
