1674 2754
189 217 239 252 98
748 225 796 249 DE
817 225 984 251 orncns

257 311 445 362 opposuit,
481 311 644 362 speciem
676 311 882 348 honestatis
912 323 1034 360 neque
1067 310 1311 360 probabilem,
1344 324 1413 349 nec
1447 323 1533 348 sane

256 371 440 409 idoneam.
495 371 673 408 Peccavit
691 371 814 422 igitur,
836 383 928 421 pace
949 370 1007 407 vel
1028 369 1169 414 Quirini
1187 371 1246 408 vel
1265 371 1416 408 Romuli
1435 371 1529 408 dixe-

215 434 238 468 6
258 431 338 468 rim.
393 431 475 468 Nee
508 436 636 468 tamen
667 435 806 467 nostrae
838 430 945 467 nobis
978 430 1157 467 utilitates
1190 431 1408 468 omittendae
1437 435 1533 474 sunt,

257 490 411 540 aliisque
438 490 645 534 tradendae,
675 503 761 527 cum
787 490 845 526 his
873 490 943 540 ipsi
970 502 1173 540 egeamus:
1203 490 1268 527 sed
1297 503 1375 527 suae
1403 491 1534 540 cuique

215 550 237 588 ’ἶ
256 550 418 594 utilitati,
432 550 534 601 quod
553 550 630 587 sine
649 550 801 587 alterius
820 550 1047 600 injuriassfiat,
1063 549 1299 587 serviendum
1318 555 1386 587 est.
1435 551 1534 587 Scite

259 610 508 661 Chrysippus,
528 614 571 647 ut
601 610 742 647 multa:
773 610 846 655 Qui
876 610 1052 653 stadium,
1082 610 1211 659 inquit,
1235 610 1360 653 currit,
1382 610 1470 647 eniti
1498 614 1535 647 et

257 669 483 707 contendere
502 669 627 713 debet,
648 682 762 719 quam
780 670 940 706 maxime
965 670 1093 720 possit,
1113 674 1157 706 ut
1184 669 1330 713 vincam
1360 669 1536 720 supplan-

256 734 339 766 tare
368 741 467 772 eum,
488 729 639 779 quicum
667 734 797 772 certet,
827 734 892 766 aut
920 742 1037 766 manu
1066 729 1264 780 depellere,
1294 729 1397 766 nullo
1425 728 1538 766 modo

258 788 383 826 debet.
441 788 502 825 Sic
521 788 559 825 in
577 788 654 825 vita
673 788 742 825 sibi
770 802 958 838 quemque
986 793 1127 839 petere,
1147 789 1249 838 quod
1279 788 1463 839 pertineat
1490 788 1537 825 ad

257 860 381 891 usum,
401 860 476 884 non
494 847 662 897 iniquum
683 853 763 890 est;
793 848 900 884 alteri
920 848 1100 898 deripere,
1119 849 1181 898 jus
1200 861 1274 885 non
1293 853 1361 885 est.

216 911 238 944 8
310 906 473 944 Maxime
506 912 634 945 autem
669 908 940 956 perturbantur
972 908 1091 944 officia
1118 908 1155 944 in
1182 908 1375 951 amicitiis3
1404 908 1536 958 quibui·

258 971 297 1004 et
314 979 390 1004 non
408 966 583 1010 tribuere,
605 966 707 1016 quod
726 971 827 1004 recte
856 967 987 1017 possiS,
1009 971 1047 1004 et
1074 967 1249 1011 tribuere,
1271 967 1373 1017 quod
1400 980 1474 1004 non
1494 967 1539 1004 sit

216 1031 238 1065 9
260 1039 423 1077 aequum,
445 1031 574 1064 contra
593 1026 755 1064 officium
775 1030 841 1064 est.
899 1026 975 1063 Sed
994 1027 1108 1077 hujus
1128 1027 1274 1078 generis
1293 1027 1407 1064 totius
1427 1027 1540 1064 breve

258 1092 297 1124 et
323 1099 398 1124 non
428 1086 574 1124 difficile
605 1090 839 1136 praeceptum
870 1091 938 1124 est.
995 1087 1089 1131 Quae
1117 1087 1215 1124 enim
1233 1087 1407 1124 videntur
1424 1087 1538 1131 utilia,

257 1147 429 1189 honores,
462 1146 611 1189 divitiae,
642 1146 871 1195 voluptates,
907 1151 1031 1183 cetera
1063 1147 1210 1197 generis
1240 1147 1423 1197 ejusdem,
1458 1147 1537 1184 haec

193 1210 239 1244 10
259 1206 430 1243 amicitiae
448 1218 640 1255 nunquam
660 1205 923 1255 anteponenda
943 1211 1040 1243 sunt.
1097 1207 1153 1242 At
1171 1219 1293 1256 neque
1315 1211 1442 1243 eontra
1461 1219 1539 1244 ren.

258 1265 461 1316 publicam,
482 1277 602 1315 neque
623 1269 752 1302 contra
768 1264 831 1314 jus
856 1264 1060 1314 jurandum
1080 1277 1123 1302 ae
1143 1265 1267 1309 fidem,
1288 1266 1395 1302 amici
1415 1278 1538 1309 causa,

257 1325 313 1362 vir
330 1325 451 1362 bonus
470 1324 582 1361 faciet
597 1337 605 1368 ;
634 1336 681 1361 ne
702 1324 731 1361 si
748 1323 867 1374 judex
879 1321 1033 1374 *quidem
1047 1324 1116 1361 erit
1131 1324 1178 1361 de
1193 1325 1275 1375 ipso
1294 1325 1423 1362 amico.
1465 1325 1533 1362 Po-

192 1389 236 1422 11
258 1385 312 1422 nit
332 1385 429 1421 enim
450 1396 649 1434 personam
669 1383 788 1427 amici,
810 1397 896 1420 cum
915 1384 1035 1421 induit
1051 1384 1201 1434 judicis.
1258 1385 1419 1421 Tantum
1435 1384 1538 1422 dabit

260 1443 442 1487 amicitiae,
463 1447 506 1480 ut
524 1455 651 1479 veram
671 1443 779 1480 amici
798 1455 949 1480 eausam
977 1455 1058 1480 esse
1077 1443 1182 1480 malit
1198 1456 1205 1480 :
1235 1449 1278 1480 ut
1298 1444 1448 1481 orandae
1466 1444 1540 1481 litis.

191 1508 238 1542 12
259 1508 421 1554 tempus,
443 1502 569 1552 quoad
589 1515 656 1552 per
670 1502 774 1553 leges
794 1502 914 1546 liceat,
929 1503 1199 1540 accommodet.
1258 1504 1355 1540 Cum
1374 1516 1462 1541 vero
1478 1504 1539 1554 ju-

257 1567 340 1601 rato
360 1562 543 1599 sententia
562 1561 721 1599 dicenda
749 1562 807 1605 sit,
828 1562 1047 1606 meminerit,
1069 1563 1182 1599 deum
1211 1575 1251 1599 se
1279 1563 1457 1600 adhibere
1485 1569 1523 1600 te

259 1627 367 1666 stem,
388 1622 426 1659 id
456 1627 525 1665 est,
555 1627 598 1659 ut
627 1634 699 1673 ego
729 1622 899 1665 arbitror,
920 1627 1087 1659 mentem
1115 1635 1234 1666 suam,
1256 1635 1331 1673 qua
1357 1623 1446 1660 nihil
1471 1623 1526 1661 'iicb

192 1688 238 1721 13
259 1683 347 1720 mini
366 1682 470 1719 dedit
490 1682 583 1719 deus
611 1682 692 1732 ipse
712 1681 881 1719 divinius.
938 1682 1073 1731 Itaque
1093 1682 1313 1732 praeclarum
1343 1695 1366 1719 a
1392 1683 1523 1733 majori

258 1744 330 1781 bus
357 1742 570 1792 accepimus
602 1754 745 1778 morem
775 1741 934 1791 rogandi
962 1741 1110 1791 judicis,
1141 1742 1172 1778 si
1203 1754 1289 1779 eum
1317 1746 1540 1785 teneremus,

261 1815 343 1851 quoe
361 1803 464 1838 salva
486 1801 566 1850 fide
584 1802 710 1850 facere
730 1802 860 1848 possit.
916 1801 1010 1837 Haee
1038 1801 1186 1851 rogatio
1213 1801 1262 1837 ad
1291 1814 1335 1838 ea
1363 1802 1538 1852 pertinet,

259 1874 346 1912 quae
364 1861 479 1912 paulo
498 1866 584 1897 ante
604 1860 679 1897 dixi
698 1861 854 1898 honeste
883 1860 1001 1897 amico
1029 1873 1052 1896 a
1078 1860 1206 1910 judice
1236 1873 1346 1910 posse
1375 1862 1538 1900 eonced3.

193 1925 240 1959 14
259 1922 359 1959 Nam
388 1921 419 1958 si
446 1920 568 1958 omnia
594 1920 766 1966 facienda
793 1920 878 1964 sint,
908 1932 993 1970 quae
1024 1920 1132 1957 amici
1150 1920 1288 1957 velint:
1317 1933 1392 1958 non
1417 1921 1539 1958 amici-

194 1987 239 2021 15
259 1982 322 2019 tiae
353 1981 458 2025 tales,
492 1980 559 2017 sed
587 1980 860 2031 conjurationes
888 1979 1068 2030 putandae
1095 1980 1178 2017 sint.
1234 1979 1387 2030 Loquor
1414 1985 1540 2018 autem

261 2041 309 2078 de
329 2040 586 2078 communibus
601 2039 778 2078 amicitiis,
826 2040 926 2076 Nam
945 2040 982 2077 in
1001 2039 1230 2090 sapientibus
1244 2040 1330 2077 viris
1349 2040 1540 2091 perfectis-

192 2105 240 2139 16
259 2113 334 2151 que
352 2100 443 2137 nihil
462 2104 587 2150 potest
606 2112 687 2137 esse
705 2100 792 2137 tale.
849 2100 1057 2136 Damonem
1073 2104 1111 2136 et
1129 2099 1330 2144 Phintiam,
1345 2100 1540 2152 Pytha-go-

259 2172 355 2204 reOS,
375 2160 500 2196 ferunt
517 2160 590 2196 hoc
609 2159 732 2196 animo
759 2159 855 2195 inter
873 2172 913 2196 se
940 2159 1066 2202 fuisse,
1086 2164 1140 2203 ut,
1171 2152 1256 2197 c⁰um
1285 2173 1415 2197 eorum
1433 2160 1540 2198 alteri

262 2219 463 2270 Dionysius
482 2223 664 2268 tyrannus
685 2219 782 2255 diem
810 2219 911 2255 neeis
931 2218 1201 2263 destinavisset,
1228 2224 1266 2256 et
1285 2219 1327 2264 is,
1349 2220 1412 2270 qui
1430 2219 1539 2257 morti

262 2278 436 2316 addictus
465 2283 575 2322 esset,
605 2291 745 2328 paucos
773 2278 843 2315 sibi
872 2277 950 2315 dies
980 2279 1361 2316 commendandorum
1388 2291 1541 2317 suorum

262 2351 375 2375 eausa
394 2337 660 2389 postulavisset
676 2349 683 2374 :
712 2350 778 2375 vas
797 2338 920 2375 factus
940 2342 997 2374 est
1015 2338 1110 2376 alter
1130 2339 1212 2389 ejus
1231 2338 1408 2382 sistendi;
1435 2343 1489 2382 ut,
1511 2339 1540 2376 si

197 2397 242 2436 17
261 2398 324 2435 ille
342 2411 418 2436 non
434 2397 660 2442 revertisset,
675 2397 910 2435 moriendum
929 2402 1028 2434 esset
1046 2397 1127 2448 ipsi.
1175 2398 1248 2443 Qui
1267 2411 1354 2436 cum
1373 2397 1423 2436 ad
1442 2398 1539 2435 diem

263 2469 305 2495 se
321 2456 536 2508 recepisset,
555 2456 760 2494 admiratus
779 2469 908 2495 eorum
927 2457 1041 2495 fidem
1059 2462 1253 2508 tyrannus,
1274 2457 1417 2509 petivit,
1437 2461 1481 2495 ut
1500 2469 1540 2495 se
