1674 2754
140 196 190 230 56
482 206 531 230 DE
553 206 721 232 omucns
740 207 853 232 LIBER
871 207 897 232 1.
953 208 1039 232 OAP.
1060 207 1144 232 XLV.

213 291 311 327 cium
342 291 456 328 studii
482 297 667 342 quaereret
684 306 692 336 ;
721 298 803 330 tum
831 293 977 336 docere,
998 297 1081 329 tum
1101 292 1242 331 discere
1260 294 1385 338 vellet,
1405 298 1483 332 tum

144 355 188 387 12
209 351 350 395 audire,
371 357 453 388 tum
473 352 605 389 dicere.
664 352 766 403 Ergo
786 365 894 389 omne
924 353 1098 397 officium,
1120 353 1221 403 quod
1240 353 1291 390 ad
1311 354 1485 404 conjunc-

208 411 347 448 tionem
376 412 569 449 hominum
597 417 635 449 et
663 412 712 449 ad
741 413 958 450 societatem
986 412 1166 449 tuendam
1193 413 1303 457 valet,
1333 417 1485 463 antepo-

207 471 374 509 nendum
392 476 449 509 est
467 472 520 509 illi
539 472 668 516 officio,
684 473 787 522 quod
807 472 1017 523 cognitione
1036 477 1074 510 et
1093 472 1246 510 scientia
1264 473 1487 510 continetur.

257 651 376 689 XLV.
398 651 500 689 Illud
519 652 674 689 forsitan
689 652 935 703 quaerendum
950 652 1009 696 sit,
1023 665 1115 689 num
1129 652 1212 689 haec
1229 651 1488 695 communitas,

204 724 290 762 quae
322 712 483 749 maxime
517 717 575 749 est
602 717 692 763 apta
719 717 874 756 naturae,
905 713 953 749 sit
981 713 1094 749 etiam
1129 711 1376 750 moderationi
1409 724 1488 748 mo-

162 774 184 807 2
205 770 414 821 destiaeque
444 784 594 821 semper
622 772 896 822 anteponenda.
953 772 1041 809 Non
1071 772 1208 822 placet.
1266 771 1363 809 Sunt
1392 771 1490 809 enim

199 830 382 880 quaedam
415 831 553 880 partim
585 831 637 868 ita
669 831 785 874 foeda,
821 831 958 882 partim
990 832 1043 868 ita
1074 832 1272 882 flagitiosa,
1302 836 1346 868 ut
1373 844 1417 868 ca
1444 844 1491 869 ne

205 890 471 926 conservandae
489 890 641 940 quidem
663 891 794 940 patriae
823 903 937 928 causa
965 891 1112 941 sapiens
1132 891 1300 928 facturus
1321 891 1379 929 sit.
1435 892 1491 928 Ea

203 949 427 986 Posidonius
461 950 612 1001 collegit
645 950 844 1000 permulta,
880 951 947 987 sed
980 951 1033 988 ita
1066 955 1180 988 taetra
1217 951 1406 1000 quaedam,
1440 951 1492 988 ita

161 1015 182 1047 3
203 1010 394 1053 obscoena,
411 1015 455 1047 ut
471 1010 575 1047 dictu
589 1023 740 1060 quoque
756 1010 955 1048 videantur
974 1011 1109 1061 turpia.
1166 1011 1264 1048 Haec
1284 1011 1400 1062 igitur
1417 1025 1491 1049 non

203 1070 381 1120 suscipiet
410 1070 462 1107 rei
494 1070 656 1120 publieae
687 1083 825 1114 causa;
853 1084 900 1108 ne
928 1084 988 1108 res
1017 1071 1170 1121 publica
1189 1070 1342 1121 quidem
1363 1084 1432 1121 pro
1452 1084 1491 1108 se

161 1134 183 1166 4
204 1130 342 1179 suscipi
361 1130 473 1167 volet.
531 1130 609 1167 Sed
629 1130 714 1167 haec
743 1131 977 1167 commodius
998 1143 1038 1168 se
1058 1143 1117 1167 res
1137 1131 1266 1174 habet,
1288 1131 1390 1181 quod
1418 1144 1491 1169 non

204 1194 330 1239 potest
349 1190 519 1227 accidere
539 1194 702 1241 tempus,
724 1196 767 1227 ut
786 1190 932 1227 intersit
950 1190 1003 1227 rei
1031 1190 1205 1240 publicae,
1227 1190 1430 1240 quicquam
1450 1191 1490 1227 il-

160 1256 182 1288 5
212 1250 333 1287 lorum
353 1250 476 1287 facere
496 1250 716 1300 sapientem.
775 1250 899 1294 Quare
918 1250 989 1287 hoc
1009 1250 1162 1300 quidem
1181 1250 1357 1287 effectum
1376 1251 1434 1294 sit,
1455 1251 1490 1288 in

203 1309 330 1347 officiis
350 1309 558 1361 deligendis
577 1310 615 1347 id
635 1323 755 1361 genus
785 1309 990 1347 officiorum
1019 1309 1212 1353 excellere,
1234 1309 1336 1360 quod
1364 1315 1490 1348 tenea-

160 1373 181 1406 6
203 1374 264 1406 tur
282 1370 476 1406 hominum
496 1370 686 1407 societate.
730 1370 881 1406 Etenim
902 1369 1154 1420 cognitionem
1175 1369 1492 1420 prudentiamque

203 1430 372 1479 sequitur
386 1430 623 1467 considerata
639 1429 748 1466 actio.
793 1430 854 1466 Ita
869 1430 923 1473 fit,
939 1434 983 1466 ut
997 1442 1109 1480 agere
1125 1429 1359 1466 considerate
1375 1430 1492 1479 pluris

161 1489 181 1526 7
203 1489 264 1532 sit,
281 1502 395 1538 quam
415 1490 582 1540 cogitare
605 1489 820 1539 prudenter.
870 1489 1000 1539 Atque
1020 1489 1101 1526 haec
1122 1489 1275 1538 quidem
1294 1489 1490 1527 hactenus.

202 1549 422 1586 Patefactus
451 1555 509 1586 est
537 1549 635 1586 enim
662 1549 767 1586 locus
795 1549 886 1599 ipse,
908 1554 1044 1586 utnon
1073 1549 1120 1586 sit
1140 1549 1288 1586 difficile
1307 1549 1344 1586 in
1364 1549 1491 1599 exqui-

161 1613 182 1645 8
202 1608 320 1646 rendo
354 1609 484 1652 officio,
519 1609 610 1659 quid
643 1609 777 1659 cuique
815 1609 862 1646 sit
905 1608 1217 1659 praeponendum,
1251 1609 1390 1646 videre.
1446 1609 1493 1646 In

202 1669 284 1719 ipsa
302 1674 430 1706 autem
451 1669 720 1706 communitate
741 1674 828 1706 sunt
855 1669 999 1719 gradus
1018 1669 1246 1706 officiorum:
1277 1681 1323 1706 ex
1343 1669 1492 1719 quibus,

202 1728 293 1778 quid
313 1729 447 1779 cuique
467 1733 635 1778 praestet,
655 1729 813 1779 intelligi
833 1729 972 1779 possit:
1000 1734 1044 1766 ut
1062 1729 1183 1778 prima
1203 1728 1272 1765 diis
1300 1729 1490 1766 immorta-

203 1788 312 1831 libus,
334 1788 500 1825 secunda
528 1788 673 1838 patriae,
704 1789 814 1825 tertia
843 1788 1075 1838 parentibus,
1096 1788 1272 1838 deinceps
1301 1788 1491 1838 gradatim

161 1852 183 1885 9
203 1847 353 1897 reliquis
373 1847 594 1885 debeantur.
653 1848 799 1892 Quibus
819 1859 865 1884 ex
884 1847 997 1885 rebus
1017 1837 1180 1885 brevite}
1207 1847 1409 1898 disputatis
1437 1847 1491 1884 in-

203 1907 322 1958 telligi
342 1912 480 1958 potest,
503 1920 576 1944 non
605 1907 727 1944 solum
755 1906 793 1944 id
822 1907 991 1944 homines
1021 1907 1140 1944 solere
1170 1907 1355 1951 dubitare,
1376 1907 1491 1945 hone-

205 1972 365 2011 stumne,
385 1980 433 2004 an
452 1972 563 2018 turpe
583 1967 651 2004 sit:
682 1967 749 2004 sed
778 1967 901 2010 etiam,
924 1967 1075 2004 duobus
1094 1967 1294 2018 propositis
1312 1967 1490 2012 honestis,

140 2030 185 2064 10
205 2032 333 2064 utrum
362 2027 567 2065 honestius.
625 2027 697 2064 Hic
728 2027 833 2064 locus
862 2039 885 2063 a
911 2027 1080 2064 Panaetio
1101 2031 1168 2071 est,
1189 2031 1232 2064 ut
1260 2040 1374 2078 supra
1404 2027 1489 2072 dixi,

207 2087 500 2139 praetermissus.
558 2087 636 2124 Sed
652 2087 734 2138 jam
754 2087 803 2124 ad
823 2087 967 2137 reliqua
986 2099 1206 2139 pergamus.
