1674 2754
610 196 725 220 Lmen
744 195 768 220 1.
825 193 912 220 cAP.
934 193 984 219 xr.
1430 179 1468 217 1'1

117 284 267 322 interitu
294 284 412 320 iratus
443 282 611 333 optavit;
649 295 724 332 quo
751 281 967 332 impetrato,
1001 279 1038 317 in
1063 280 1248 316 maximos
1278 279 1404 317 luctus

117 343 254 382 incidit.
310 343 393 381 Nec
424 343 609 394 promissa
637 342 752 393 igitur
789 339 974 378 servanda
1002 343 1090 377 sunt
1117 352 1173 383 ea,
1207 352 1293 389 quae
1333 339 1406 376 sint
1425 344 1446 377 5

116 404 170 448 iis,
190 403 327 454 quibus
359 403 584 454 promiseris,
606 402 771 440 inutilia:
801 413 870 438 nec
904 400 934 438 si
963 400 1049 451 plus
1076 399 1144 437 tibi
1172 412 1216 436 ea
1234 404 1404 443 noceant,

115 476 229 515 quam
247 463 299 500 illi
326 463 480 514 prosint,
503 463 562 501 eui
590 461 818 513 promiseris,
839 465 969 499 eontra
998 460 1162 497 officium
1191 464 1259 504 est,
1281 459 1405 510 majus

114 524 296 575 anteponi
314 523 456 562 minori.
513 523 580 567 Ut,
602 523 633 560 si
652 521 888 560 constitueris
918 520 1082 572 cuipiam
1108 524 1147 558 te
1176 519 1404 557 advocatum
1426 523 1447 556 6

113 584 151 622 in
179 597 259 621 rem
289 588 514 635 praesentem
547 596 628 621 esse
662 588 878 626 venturum,
910 587 1025 632 atque
1058 580 1207 618 interim
1239 579 1404 632 graviter

114 649 297 696 aegrotare
328 644 425 681 filius
453 643 622 694 coeperit,
643 656 719 681 non
748 643 798 680 sit
826 646 956 680 contra
975 641 1151 685 officium,
1172 653 1248 678 non
1267 640 1403 683 faeere,

113 704 216 755 quod
244 704 402 748 dixeris3
431 701 629 755 magisque
656 703 729 747 ille,
760 702 820 740 cui
851 702 1077 753 promissum
1111 701 1171 745 sit,
1201 701 1250 738 ab
1284 700 1406 738 officio

112 764 293 809 discedat,
327 765 359 802 si
391 777 431 802 se
465 764 690 802 destitutum
726 768 919 814 queratur.
974 762 999 800 J
1002 774 1064 799 am
1100 761 1172 799 illis
1211 760 1404 812 promissis
1425 760 1445 798 7

113 824 292 862 standum
319 837 394 862 non
421 837 515 869 esse,
537 824 620 875 quis
650 837 726 861 non
749 823 864 868 videt,
885 835 972 874 quae
999 826 1154 860 coactus
1183 821 1266 872 quis
1285 826 1402 865 metu,

112 897 197 936 quae
239 882 421 936 deeeptus
458 885 546 922 dolo
584 884 824 935 promiserit?
899 884 993 928 Quoe
1031 882 1186 934 quidem
1224 882 1404 933 pleraque

109 945 194 996 jure
214 945 388 996 praetorio
407 945 622 989 liberantur,
643 944 823 982 nonnulla
842 944 1004 995 legibus,

165 1005 341 1043 Existunt
369 1005 482 1042 etiam
512 1018 617 1056 saepe
645 1004 788 1055 injuriae
819 1003 1006 1041 calumnia
1033 1003 1200 1054 quadam
1228 1007 1267 1040 et
1295 1001 1402 1039 nimis
1425 1005 1448 1040 8

114 1065 249 1103 callida
277 1065 345 1103 sed
372 1065 558 1103 malitiosa
593 1065 689 1116 juris
730 1064 1048 1114 interpretatione.
1105 1064 1164 1100 Ex
1192 1076 1267 1113 quo
1295 1062 1400 1106 illud,

112 1138 301 1163 summum
310 1126 390 1174 jus,
410 1138 557 1162 summa
574 1125 728 1174 injuria,
750 1125 894 1162 factum
914 1128 972 1161 est
988 1123 1068 1174 jam
1088 1123 1220 1160 tritum
1235 1135 1406 1160 sermone

113 1185 365 1237 proverbium.
423 1185 508 1231 Quo
535 1185 573 1222 in
592 1197 730 1236 genere
750 1184 861 1222 etiam
879 1184 917 1221 in
938 1196 980 1221 re
1000 1183 1152 1234 publica
1170 1183 1292 1220 multa
1312 1195 1398 1233 pec·
1421 1187 1443 1220 9

113 1250 264 1284 cantur:
293 1250 337 1283 ut
365 1245 438 1291 ille,
459 1245 533 1296 qui,
555 1258 642 1283 cum
674 1244 827 1295 triginta
853 1244 1000 1282 dierum
1025 1248 1150 1281 essent
1178 1256 1265 1281 cum
1292 1243 1404 1281 hoste

111 1306 267 1344 indutiae
287 1306 414 1350 factae,
429 1310 546 1344 noctu
565 1305 822 1357 populabatur
849 1317 972 1356 agi-05,
989 1304 1093 1355 quod
1112 1303 1259 1341 dierum
1277 1307 1406 1341 essent

112 1371 250 1418 paetae,
271 1379 346 1405 non
365 1366 530 1404 noctium
550 1365 720 1404 indutiae.
768 1365 829 1402 Ne
848 1369 977 1402 noster
995 1364 1148 1415 quidem
1167 1363 1399 1415 probandus,
1429 1367 1474 1402 10

112 1427 144 1465 si
161 1439 293 1465 verum
321 1431 389 1471 est,
411 1426 456 1471 Q.
486 1425 647 1464 Fabium
675 1426 890 1463 Labeonem
920 1438 988 1463 seu
1016 1438 1130 1475 quem
1158 1425 1273 1462 alium
1293 1424 1402 1475 (nihil

112 1486 217 1525 enim-
229 1487 352 1525 habeo
381 1491 524 1538 praeter
543 1485 731 1537 auditum)
753 1486 936 1524 arbitrum
956 1485 1111 1522 Nolanis
1131 1489 1169 1522 et
1189 1484 1407 1535 Neapolita-

112 1547 169 1585 nis
188 1547 236 1585 de
264 1547 399 1584 finibus
419 1559 441 1583 a
460 1551 594 1584 senatu
623 1547 769 1590 datum,
791 1559 878 1583 eum
904 1545 953 1582 ad
973 1545 1100 1582 locum
1127 1545 1300 1589 venisset,
1322 1557 1409 1581 eum

113 1607 281 1657 utrisque
301 1606 502 1657 separatim
529 1606 712 1649 locutum,
733 1619 780 1643 ne
801 1605 938 1656 cupide
967 1605 1058 1655 quid
1085 1610 1252 1656 agerent,
1274 1617 1321 1641 ne
1341 1617 1407 1655 ap-

114 1671 308 1718 petentem
338 1671 452 1716 atque
471 1670 515 1703 ut
534 1666 695 1717 regredi,
713 1678 827 1716 quam
844 1665 1022 1716 progredi
1038 1665 1204 1702 mallent.
1254 1664 1301 1702 Id
1322 1676 1406 1702 cum
1431 1668 1470 1702 1]

113 1726 263 1777 utrique
306 1726 492 1770 fecissent,
522 1726 758 1777 aliquantum
795 1726 877 1776 agn·
914 1725 951 1762 in
979 1725 1105 1763 medio
1133 1725 1308 1762 relictum
1336 1729 1404 1762 cst.

114 1787 249 1837 Itaque
276 1786 425 1824 illorum
466 1786 557 1824 fines
594 1787 659 1830 sic,
688 1791 732 1823 ut
764 1786 836 1837 ipsi
878 1785 1061 1830 dixerant,
1091 1785 1327 1828 terminavit;
1370 1785 1408 1822 in

114 1846 237 1885 medio
275 1846 448 1885 relictum
487 1846 592 1897 quod
631 1851 724 1891 erat,
759 1846 904 1898 populo
947 1846 1119 1884 Romano
1162 1845 1407 1897 adjudicavit.

115 1907 300 1959 Decipere
327 1907 399 1945 hoe
428 1907 582 1958 quidem
611 1911 679 1951 est,
700 1920 775 1944 non
800 1906 981 1958 judicare.
1040 1905 1225 1952 Quocirca
1252 1905 1289 1943 in
1309 1906 1409 1943 omni

114 1980 155 2006 re
172 1966 355 2019 fugienda
373 1971 431 2005 est
450 1967 535 2005 talis
554 1967 731 2005 sollertia.

168 2088 237 2126 XI.
266 2087 366 2126 Sunt
391 2093 520 2126 autem
546 2088 727 2139 quaedam
750 2087 869 2126 officia
897 2088 1011 2126 etiam
1041 2088 1296 2126 adversus
1324 2100 1411 2126 eos

117 2148 312 2193 servanda,
337 2161 361 2186 a
387 2149 577 2200 quibus
605 2148 854 2200 injuriam
883 2149 1165 2201 acceperis.
1221 2149 1290 2186 Est
1310 2149 1408 2187 enim

117 2208 321 2247 ulciscendi
349 2213 387 2247 et
415 2209 594 2260 puniendi
621 2209 770 2246 modus.
846 2210 977 2260 Atque
1005 2209 1110 2247 haud
1139 2209 1215 2247 seio
1243 2222 1291 2246 an
1320 2210 1410 2247 satis

118 2269 177 2314 sit,
208 2282 308 2313 eum,
337 2269 402 2319 qui
429 2269 642 2313 lacessierit,
672 2269 816 2320 injuriae
845 2283 924 2307 suoe
953 2270 1160 2321 poenitere;
1188 2275 1232 2307 ut
1261 2275 1298 2307 et
1326 2270 1406 2320 ipse

117 2342 165 2368 ne
193 2329 284 2380 quid
312 2329 388 2367 tale
416 2329 588 2380 posthac,
618 2334 657 2367 et
685 2330 799 2367 ceteri
827 2331 901 2368 sint
928 2330 977 2368 ad
1006 2330 1181 2382 injuriam
1210 2330 1407 2367 tardiores

119 2389 250 2440 Atque
277 2388 315 2427 in
341 2402 381 2427 re
410 2389 562 2441 publica¹
590 2390 754 2428 maxime
784 2391 1040 2429 conservanda
1068 2395 1156 2428 sunt
1192 2390 1280 2441 jura
1308 2389 1406 2428 belli.
1430 2393 1452 2427 2

120 2447 221 2488 Nam
249 2462 336 2488 eum
364 2449 438 2488 sint
465 2449 542 2487 duo
570 2462 710 2501 genera
739 2449 970 2495 decertandi,
990 2463 1109 2488 unum
1138 2462 1206 2501 per
1225 2450 1412 2501 discepta-

762 2509 812 2547 2*
