1674 2754
177 207 226 242 96
722 215 771 239 DE
800 214 967 239 ormcns

245 302 446 339 honestum
465 301 522 345 sit,
544 300 582 338 id
602 314 682 338 esse
709 305 776 337 aut
795 301 915 337 solum
934 305 1000 337 aut
1019 313 1208 337 summum
1227 301 1387 338 bonum:
1419 300 1522 351 quod

244 366 372 398 autem
396 374 542 405 nonum,
562 361 599 397 id
619 366 719 397 certe
739 360 850 397 utile:
872 360 923 396 ita
941 359 1118 409 quicquid
1138 360 1348 404 honestum,
1361 361 1397 398 id
1418 361 1519 398 utile.

199 425 224 458 4
247 422 371 466 Quare
391 434 492 459 error
509 421 702 457 hominum
721 433 794 457 non
814 420 1029 470 proborum,
1044 432 1130 456 cum
1145 420 1295 470 aliquid,
1311 420 1412 470 quod
1433 421 1522 457 utile

199 488 221 520 5
242 482 363 519 visum
391 486 458 524 est,
482 481 646 530 arripuit,
668 480 706 517 id
735 480 909 517 continuo
937 480 1096 516 secernit
1125 480 1172 517 ab
1203 480 1368 517 honesto.
1426 481 1521 517 Hinc

242 541 342 584 sicae,
356 541 439 578 hinc
453 553 605 583 venena,
620 540 703 577 hinc
719 539 814 576 falsa
830 544 1056 576 testamenta
1070 544 1290 576 nascuntur:
1312 540 1396 576 hinc
1409 540 1520 584 furta,

242 601 450 651 peculatus.
472 600 715 650 expilationes
744 599 1046 649 direptionesque
1078 599 1261 636 sociorum
1292 604 1329 636 et
1362 599 1520 644 civium3

240 661 324 698 hinc
345 674 459 710 opum
480 660 674 696 nimiarum
695 659 872 710 potentiae
894 672 968 696 non
987 659 1174 702 ferendae;
1201 663 1390 709 postremo
1409 659 1521 696 etiam

239 720 276 757 in
293 720 417 757 liberis
437 720 648 756 civitatibus
667 719 850 769 regnandi
868 719 1032 756 existunt
1052 719 1289 769 cupiditates,
1311 718 1447 768 quibus
1467 718 1520 755 ni-

196 783 219 816 6
240 780 291 816 hil
310 792 378 817 nec
399 780 554 822 taetrius,
574 791 642 815 nec
662 779 801 815 foedius
830 778 1032 829 excogitari
1062 783 1199 829 potest.
1257 778 1522 815 Emolumenta

239 839 336 876 enim
356 851 480 875 rerum
508 838 704 875 fallacibus
729 838 877 888 judiciis
897 839 1046 875 vident:
1078 850 1242 888 poenam,
1263 851 1338 875 non
1366 838 1450 875 dico
1469 837 1521 875 le-

237 912 340 948 gum,
362 910 477 948 quam
504 910 610 948 saepe
642 904 903 947 perrumpunt,
925 898 991 934 sed
1017 898 1133 947 ipsius
1163 897 1415 947 turpitudinis,
1437 910 1521 947 quae

195 959 216 996 7
238 957 475 995 acerbissima
494 962 563 1001 cst,
584 970 659 993 non
680 957 820 994 vident.
878 957 1133 1001 Quamobrem
1161 957 1232 994 hoc
1257 957 1409 1007 quidem
1430 957 1518 994 deli-

237 1017 447 1055 berantium
478 1030 598 1067 genus
630 1017 793 1067 pellatur
812 1029 832 1053 e
853 1017 976 1053 medio
999 1015 1072 1068 (est
1100 1016 1198 1053 enim
1221 1021 1344 1054 totum
1364 1016 1520 1053 scelera-

236 1083 318 1115 tum
347 1082 386 1115 et
414 1077 588 1127 impium)
618 1077 682 1127 qui
711 1076 931 1120 deliberant,
953 1082 1080 1113 utrum
1111 1076 1149 1113 id
1178 1082 1394 1126 sequantur,
1417 1075 1520 1126 quod

235 1137 435 1174 honestum
451 1149 532 1173 esse
546 1136 708 1179 videant,
723 1149 770 1172 an
785 1149 824 1172 se
840 1136 998 1173 scientes
1018 1136 1158 1173 scelere
1173 1136 1435 1173 contaminent.
1474 1136 1519 1172 In

234 1197 315 1248 ipsa
335 1197 432 1233 enim
452 1196 685 1233 dubitatione
714 1195 857 1232 facinus
876 1196 984 1239 inest,
1007 1196 1150 1233 etiamsi
1169 1196 1218 1232 ad
1238 1196 1276 1232 id
1296 1208 1369 1232 non
1389 1207 1519 1245 perve-

193 1261 215 1294 8
235 1256 365 1293 nerint.
422 1256 525 1305 Ergo
545 1268 589 1292 ea
609 1255 851 1292 deliberanda
871 1255 1019 1292 omnino
1038 1268 1112 1292 non
1131 1260 1228 1298 sunt,
1248 1255 1287 1292 in
1306 1255 1442 1305 quibus
1462 1259 1520 1292 est

237 1316 359 1366 turpis
379 1316 462 1365 ipsa
481 1314 710 1352 deliberatio.

191 1380 214 1414 9
288 1376 416 1425 Atque
447 1375 559 1411 etiam
591 1387 637 1411 ex
664 1374 764 1411 omni
792 1375 1057 1412 deliberatione
1086 1373 1231 1411 celandi
1250 1378 1287 1410 et
1306 1373 1519 1411 occultandi

235 1448 321 1486 spes
353 1434 550 1485 opinioque
580 1434 807 1471 removenda
838 1439 905 1471 est.
962 1434 1063 1471 Satis
1093 1434 1190 1470 enim
1209 1433 1326 1477 nobis,
1348 1433 1378 1470 si
1404 1434 1518 1471 modo

235 1495 271 1532 in
292 1494 530 1546 philosophia
558 1493 699 1543 aliquid
726 1493 961 1543 profecimuS,
985 1506 1205 1543 persuasum
1233 1506 1314 1530 esse
1342 1493 1467 1538 debet,
1487 1493 1518 1530 si

234 1567 363 1592 omnes
392 1554 481 1590 deos
501 1553 746 1602 hominesque
774 1553 894 1590 celare
921 1553 1118 1603 possimus,
1138 1552 1230 1589 nihil
1247 1557 1374 1589 tamen
1393 1565 1515 1597 avare,

235 1614 325 1652 nihil
344 1614 493 1664 injuste,
515 1613 605 1650 nihil
624 1613 830 1656 libidinose,
851 1613 942 1649 nihil
969 1613 1241 1650 incontinenter
1269 1625 1349 1649 esse
1379 1612 1515 1649 facien-

235 1674 338 1711 dum.
395 1673 462 1710 IX.
493 1673 589 1709 Hinc
618 1673 680 1709 ille
711 1673 842 1723 Gyges
869 1673 1060 1710 inducitur
1078 1685 1100 1708 a
1119 1672 1299 1709 Platone:
1330 1671 1406 1721 qui,
1429 1684 1515 1709 cum

234 1739 334 1771 terra
364 1732 597 1769 discessisset
624 1732 770 1783 magnis
798 1732 1023 1782 quibusdam
1053 1732 1246 1775 imbribus
1268 1731 1461 1768 descendit
1478 1731 1516 1768 in

233 1794 337 1830 illum
363 1792 519 1835 hiatum,
542 1804 760 1841 aeneumque
780 1804 930 1841 equum,
951 1796 994 1828 ut
1021 1792 1148 1828 ferunt
1174 1791 1328 1834 fabulae,
1349 1791 1514 1828 animad-

233 1852 355 1895 vertit,
377 1851 484 1902 cujus
504 1851 540 1887 in
559 1850 737 1887 lateribus
756 1851 854 1887 fores
875 1855 999 1887 essent
1016 1863 1023 1887 :
1053 1850 1190 1900 quibus
1217 1850 1358 1900 apertis
1377 1863 1514 1900 corpus

233 1911 392 1949 homin'n
411 1910 549 1947 mortui
568 1910 659 1947 vidit
678 1910 934 1961 magnitudine
953 1910 1140 1953 inusitata,
1155 1910 1387 1959 anulumque
1406 1922 1512 1947 aure-

233 1985 299 2009 um
318 1971 354 2008 in
373 1970 514 2021 digito:
544 1982 657 2020 quem
679 1974 727 2006 -ut
755 1969 927 2013 detraxit,
948 1970 1029 2020 ipsc
1047 1969 1170 2006 induit
1191 1967 1289 2020 (erat
1308 1974 1436 2006 autem
1456 1982 1512 2006 re-

190 2036 214 2069 2
235 2032 317 2082 gius
337 2029 482 2081 pastor)
503 2035 584 2067 tum
604 2030 641 2067 in
661 2030 857 2067 concilium
877 2043 916 2067 se
936 2035 1130 2080 pastorum
1149 2029 1300 2079 recepit.
1349 2029 1408 2066 Ibi
1427 2042 1513 2066 cum

233 2091 359 2141 palam
389 2090 470 2140 ejus
500 2090 600 2126 anuli
619 2090 666 2126 ad
687 2090 851 2139 palmam
872 2094 1116 2133 converterat,
1137 2102 1159 2126 a
1178 2089 1281 2126 nullo
1302 2089 1510 2134 videbatur,

232 2150 312 2200 ipse
342 2154 468 2186 autem
497 2149 619 2186 omnia
637 2149 801 2187 videbat.
858 2149 966 2186 Idem
994 2162 1122 2186 rursus
1141 2148 1348 2192 videbatur,
1371 2162 1456 2186 cum
1474 2149 1512 2186 in

189 2215 212 2247 3
232 2210 356 2247 locum
387 2209 540 2245 anulum
569 2209 782 2246 inverterat.
838 2209 973 2259 Itaque
1002 2209 1073 2246 hac
1103 2208 1385 2259 opportunitate
1412 2208 1511 2246 anuli

232 2282 333 2312 usus,
359 2268 497 2319 reginae
525 2273 698 2318 stuprum
726 2268 860 2311 intulit,
891 2281 1009 2318 eaque
1036 2268 1219 2319 adjutrice
1246 2280 1375 2318 regem
1395 2267 1511 2305 domi-

232 2342 323 2366 num
343 2328 537 2371 interemit,
558 2328 710 2364 sustulit
729 2341 822 2378 quos
842 2329 991 2365 obstare
1011 2328 1283 2365 arbitrabatur:
1312 2339 1381 2364 nec
1399 2327 1436 2364 in
1454 2327 1511 2364 his

233 2401 319 2426 eum
338 2388 561 2426 facinoribus
590 2388 785 2437 quisquam
814 2388 936 2438 potuit
955 2387 1094 2426 videre.
1151 2387 1212 2425 Sic
1239 2391 1393 2438 repente
1411 2386 1511 2423 anuli

191 2451 214 2486 4
232 2448 413 2486 beneficio
431 2460 497 2485 rex
516 2452 667 2485 exortus
686 2452 744 2484 est
762 2447 909 2498 Lydiae.
952 2448 1064 2485 Hunc
1084 2447 1196 2498 igitur
1213 2447 1337 2498 ipsum
1357 2445 1509 2483 anulum
