1674 2754
179 195 228 233 '70
721 207 771 231 nn
801 206 969 232 ormena

246 292 507 343 imperandum
527 292 639 344 deligi
665 293 804 336 solitos,
825 305 986 342 quorum
1014 292 1061 329 de
1084 292 1230 342 justitia
1255 303 1394 342 magna-
1422 295 1519 328 esset

245 353 369 403 opinio
388 352 643 390 multitudinis.
700 353 896 402 Adjuncto
915 364 1014 395 vero,
1034 356 1078 388 ut
1096 351 1207 388 iidem
1226 352 1338 389 etiam
1357 351 1520 402 pruden-

246 418 303 450 tes
322 413 561 456 haberentur,
581 413 671 449 nihil
691 417 782 455 erat,
804 412 906 461 quod
935 412 1104 450 homines
1131 412 1188 448 his
1214 411 1428 449 auctoribus
1446 423 1521 447 non

203 476 225 509 6
247 485 356 522 posse
391 472 567 522 consequi
599 485 638 509 se
671 472 948 508 arbitrarentur.
1007 471 1117 508 Omni
1146 471 1259 522 igitur
1291 471 1432 508 ratione
1460 483 1520 508 co-

245 532 357 569 lenda
376 537 414 568 ot
433 531 625 568 retinenda
641 531 786 582 justitia
805 535 872 574 est,
895 535 974 567 tum
992 530 1073 581 ipsa
1092 543 1159 581 per
1178 543 1271 575 sese,
1293 529 1396 581 (nam
1415 530 1521 567 ahter

242 591 387 642 justitia
405 604 478 628 non
505 590 634 642 esset,)
655 596 737 628 tum
764 595 920 641 propter
947 590 1273 642 amplificationem
1302 590 1452 628 honoris
1482 593 1522 627 et

245 651 388 702 gloriae.

203 770 224 806 'a'
299 769 376 806 Sed
404 774 448 806 ut
477 769 645 820 pecuniae
673 782 748 806 non
777 768 993 820 quaerendae
1025 768 1146 806 solum
1175 769 1269 806 ratio
1297 773 1366 812 est,
1388 780 1520 806 verum

246 828 358 865 etiam
386 828 628 872 collocandae,
649 841 734 878 quae
763 833 966 878 perpetuos
994 833 1168 879 sumptus
1196 828 1424 879 suppeditet,
1453 840 1522 865 nec

245 887 366 924 solum
380 888 618 931 necessarios,
632 887 698 924 sed
711 888 821 924 etiam
833 888 1004 925 liberales
1018 899 1026 924 :
1048 888 1099 924 sic
1119 887 1236 937 gloria
1250 892 1289 924 et
1307 886 1522 937 quaerenda,

203 952 225 985 8
245 952 284 984 et
295 947 511 984 collocanda
524 947 665 984 ratione
678 952 746 985 est.
782 947 1019 996 Quamquam
1033 947 1214 996 praeclare
1227 947 1412 990 Socrates,
1425 946 1522 983 hanc

245 1007 342 1044 viam
367 1006 415 1043 ad
445 1006 601 1057 gloriam
629 1007 836 1057 proximam
856 1012 894 1043 et
912 1006 1018 1056 quasi
1042 1006 1355 1056 compendiariam
1375 1005 1524 1043 dicebat

246 1079 338 1110 esse,
370 1066 400 1104 si
427 1067 510 1116 quis
537 1066 575 1103 id
605 1072 746 1117 ageret,
773 1071 826 1111 ut,
848 1066 966 1116 qualis
993 1065 1123 1103 haberi
1149 1066 1272 1110 vellet,
1301 1065 1385 1103 talis
1413 1069 1522 1103 esset.

202 1131 225 1165 9
246 1126 357 1171 Quod
389 1127 418 1163 si
448 1127 510 1176 qui
540 1126 774 1163 simulatione
802 1131 841 1163 et
869 1126 967 1162 inani
994 1126 1241 1163 ostentatione
1270 1130 1308 1163 et
1334 1126 1422 1163 ficto
1448 1138 1524 1163 non

244 1186 357 1223 modo
377 1199 556 1229 sermone,
574 1186 641 1222 sed
661 1186 773 1222 etiam
787 1186 905 1228 vultu,
923 1186 1095 1223 stabilem
1111 1198 1150 1222 se
1169 1186 1327 1236 gloriam
1347 1185 1523 1235 consequi

180 1250 225 1284 10
246 1258 355 1297 posse
383 1251 522 1289 rentur,
545 1245 786 1282 vehementer
813 1249 949 1282 errant.
1005 1245 1107 1282 Vera
1132 1245 1250 1295 gloria
1268 1245 1412 1282 radices
1430 1244 1521 1295 agit,

245 1310 358 1355 atque
377 1305 490 1342 etiam
516 1310 771 1355 propagatur;
802 1305 889 1342 ficta
914 1304 1036 1342 omnia
1058 1304 1226 1341 celeriter
1244 1309 1438 1354 tamquam
1456 1305 1522 1342 fio-

246 1365 339 1402 sculi
358 1364 547 1407 decidunt,
567 1377 635 1401 nec
656 1364 872 1401 simulatum
899 1368 1025 1414 potest
1043 1364 1244 1414 quicquam
1272 1376 1353 1401 esse
1379 1364 1522 1401 diutur-

179 1428 222 1461 11
244 1437 345 1462 num.
393 1425 523 1461 Testes
543 1428 630 1460 sunt
650 1423 825 1474 permulti
848 1424 885 1460 in
903 1429 1100 1473 utramque
1120 1428 1288 1474 partem:
1318 1423 1384 1460 sed
1403 1423 1522 1461 brevi-

179 1488 223 1521 12
244 1484 331 1521 tatis
351 1496 463 1521 causa
481 1484 619 1520 familia
639 1483 801 1520 contenti
825 1483 962 1519 erimus
990 1496 1075 1521 una.
1132 1483 1184 1520 Ti.
1202 1482 1298 1520 enim
1315 1483 1521 1527 Gracchus,

243 1544 287 1580 P.
308 1544 338 1580 F
343 1573 362 1586 .,
383 1549 462 1580 tam
482 1542 547 1580 diu
564 1542 789 1586 laudabitur,
811 1542 902 1579 dum
927 1542 1106 1579 memoria
1124 1555 1249 1579 rerum
1269 1542 1523 1580 Romanarum

243 1603 419 1640 manebit.
474 1602 530 1639 At
549 1602 630 1653 ejus
649 1602 711 1639 filii
729 1614 798 1639 nec
818 1602 891 1639 vivi
910 1602 1166 1652 probabantur
1184 1601 1301 1646 bonis,
1321 1606 1360 1639 et
1386 1601 1523 1639 mortui

246 1675 442 1700 numerum
461 1662 630 1700 obtinent
645 1662 729 1712 jure
749 1675 941 1700 caesorum.

296 1782 407 1819 XIII.
438 1781 511 1825 Qui
524 1780 639 1831 igitur
653 1780 808 1831 adipisci
822 1793 948 1818 veram
967 1780 1124 1831 gloriam
1139 1779 1251 1824 volet,
1264 1780 1423 1831 justitiae
1438 1780 1521 1818 fun-

246 1846 359 1892 gatur
377 1840 514 1877 officiis
570 1840 626 1876 Ea
644 1853 729 1889 quae
750 1844 885 1883 essent,
906 1839 1050 1877 dictum
1070 1844 1127 1877 est
1151 1839 1189 1876 in
1206 1839 1301 1877 libro
1320 1839 1521 1889 superiore.

204 1906 226 1939 2
247 1901 336 1944 Sed,
356 1904 400 1937 ut
418 1899 601 1942 facillime,
617 1898 746 1948 quales
766 1899 892 1943 simus,
908 1899 1003 1936 tales
1022 1911 1104 1936 esse
1118 1899 1322 1943 videamur,
1339 1899 1408 1936 etsi
1425 1899 1463 1936 in
1477 1912 1523 1936 eo

246 1961 328 2012 ipso
346 1960 402 1997 vis
430 1959 591 1996 maxima
615 1963 683 2002 cst,
703 1962 747 1995 ut
776 1959 890 1996 simus
915 1958 949 2002 ii,
970 1958 1034 2008 qui
1061 1958 1191 1996 haberi
1208 1958 1376 2003 velimus,
1397 1963 1523 1996 tamen

205 2026 226 2058 3
247 2020 425 2070 quaedam
455 2024 648 2070 praecepta
681 2018 806 2055 danda
837 2024 935 2056 sunt.
991 2019 1091 2055 Nam
1119 2018 1151 2056 si
1183 2018 1265 2068 quis
1298 2019 1345 2056 ab
1373 2019 1523 2056 ineunte

248 2083 361 2117 aetate
380 2079 495 2116 habet
511 2090 661 2115 causam
678 2078 902 2116 celebritatis
922 2082 960 2115 et
977 2078 1146 2122 nominis,
1167 2082 1233 2115 aut
1250 2091 1273 2114 a
1292 2082 1398 2128 patre
1417 2091 1522 2116 acce-

248 2143 354 2189 ptam
368 2136 485 2188 (quod
498 2137 575 2180 tibi,
592 2137 642 2174 mi
658 2137 798 2180 Cicero,
813 2137 971 2175 arbitror
985 2136 1200 2188 contigisse)
1216 2142 1282 2174 aut
1296 2138 1419 2188 aliquo
1434 2150 1524 2175 casu

248 2204 362 2249 atque
389 2198 563 2235 fortuna:
592 2197 629 2233 in
653 2197 753 2233 hunc
779 2197 876 2234 oculi
894 2196 1059 2234 omnium
1079 2197 1335 2248 conjiciuntur,
1355 2202 1468 2248 atque
1485 2197 1523 2236 in

249 2271 346 2300 eum,
364 2257 452 2307 quid
465 2260 566 2306 agat,
582 2255 902 2306 quemadmodum
917 2256 1026 2299 vivat,
1043 2256 1257 2306 inquiritur:
1278 2262 1317 2295 et
1330 2262 1523 2307 tamquam

249 2317 287 2354 in
306 2316 506 2354 clarissima
531 2316 615 2352 luce
635 2319 815 2358 versetur,
836 2315 889 2352 ita
912 2315 1057 2352 nullum
1083 2316 1285 2354 obscurum
1310 2321 1436 2367 potest
1454 2329 1522 2354 nec

209 2380 231 2414 4
251 2376 393 2414 dietum
423 2375 505 2424 ejus
534 2387 615 2412 esse
642 2387 710 2411 nec
739 2374 893 2412 factum.
949 2375 1117 2419 Quorum
1137 2380 1264 2413 autem
1289 2377 1409 2426 prima
1428 2381 1522 2414 aetas

251 2441 409 2488 propter
427 2434 678 2478 humilitatem
692 2438 731 2471 et
749 2434 1014 2475 obscuritatem
1031 2434 1069 2472 in
1087 2435 1278 2474 hominum
1292 2435 1520 2487 ignoratione
