1674 2754
125 197 199 231 110
671 207 720 230 DE
741 207 906 232 0Fr1011s

191 290 354 334 interest,
376 296 504 328 utrum
533 304 579 328 ex
608 291 756 329 homine
785 305 824 329 se
852 296 1045 329 convertat
1063 292 1146 342 quis
1170 293 1208 330 in
1232 292 1393 337 beluam,
1413 305 1461 330 an

189 350 346 387 hominis
364 351 484 401 figura
501 350 768 388 immanitatem
787 356 895 402 gerat
913 351 1034 389 beluae
1049 352 1066 388 ‘2

240 469 344 507 XXI.
375 470 502 515 Quid?
531 470 595 520 qui
613 470 735 507 omnia
753 475 855 507 recta
881 474 919 507 et
946 470 1102 507 honesta
1128 470 1334 521 negligunt,
1355 470 1460 508 dum-

189 528 302 565 modo
325 541 350 579 p
363 542 385 566 o
398 534 413 566 t
426 542 445 566 e
457 542 481 566 n
492 534 508 566 t
520 529 532 566 i
544 542 566 565 a
577 542 615 566 m
639 533 924 579 consequantur,
939 541 1060 566 nonne
1078 529 1179 566 idem
1192 530 1343 573 faciunt,
1361 530 1462 579 quod

189 587 230 631 is,
250 588 314 637 qui
332 589 443 626 etiam
463 601 632 626 socerum
656 589 795 626 habere
814 588 931 625 voluit
959 601 1057 632 eum,
1079 589 1185 638 cujus
1209 589 1288 639 ipse
1307 589 1463 626 audacia

147 651 168 683 2
190 652 322 697 potens
342 649 469 685 esset?
511 648 612 685 Utile
627 648 660 685 ei
673 647 869 685 videbatur
889 647 1091 698 plurimum
1112 661 1221 698 posse
1238 648 1389 685 alterius
1409 647 1462 684 in—

188 706 307 744 vidia:
336 707 374 744 id
394 719 507 757 quam
525 707 705 758 injustum
723 707 760 744 in
780 707 950 757 patriam,
966 711 1004 744 et
1023 720 1135 757 quam
1154 711 1276 758 turpe,
1293 712 1331 744 et
1349 719 1463 756 quam

147 770 168 802 3
189 765 316 803 inutile
344 771 454 809 esset,
474 779 548 803 non
566 766 727 803 videbat.
784 767 872 816 Ipse
899 771 1026 803 autem
1052 779 1158 804 socer
1175 767 1212 803 in
1232 779 1295 803 ore
1315 778 1464 816 semper

191 825 343 862 Graecos
362 837 491 862 versus
511 825 558 862 de
577 825 783 862 Phoenissis
802 826 977 869 habebat,
994 839 1087 875 quos
1103 826 1224 863 dicam
1243 831 1287 863 ut
1306 830 1438 876 potero
1454 837 1462 846 ·

189 883 373 921 incondite
393 884 562 927 fortasse,
583 884 649 921 sed
668 888 794 921 tamen
812 889 855 921 ut
874 897 932 921 res
952 885 1070 934 possit
1088 885 1266 935 intelligi:

345 965 451 1002 AVam
470 966 502 1001 si
521 965 735 1002 violandum
754 970 804 1001 est
813 965 891 1013 jus,
912 965 1089 1012 reynandz'
1104 966 1229 1012 qratia

356 1024 581 1061 Violandum
599 1030 648 1061 est
667 1037 678 1061 .·
706 1025 793 1061 aliis
811 1025 914 1061 rebus
926 1025 1100 1073 pietatem
1118 1025 1224 1062 colas.

144 1108 168 1142 4
190 1105 368 1155 Capitalis
396 1105 578 1149 Eteocles,
600 1106 659 1143 vel
687 1105 812 1156 potius
837 1105 1045 1155 Euripides,
1067 1106 1133 1156 qui
1156 1106 1194 1143 id
1213 1118 1342 1150 unum,
1362 1106 1464 1157 quod

188 1165 353 1202 omnium
381 1165 703 1202 sceleratissimum
730 1165 851 1208 fuerit,
874 1165 1070 1215 exceperit.
1127 1165 1227 1210 Quid
1253 1165 1368 1215 igitur
1394 1166 1461 1202 mi-

187 1228 278 1261 nuta
297 1224 513 1274 colligimUS,
535 1224 771 1268 hereditates,
792 1228 1032 1267 mercaturas,
1053 1224 1282 1261 venditiones
1309 1224 1462 1261 fraudu-

145 1290 167 1322 5
188 1283 336 1321 lentas?
390 1284 488 1326 Ecce
508 1284 585 1327 tibi,
607 1284 670 1334 qui
692 1296 757 1320 rex
786 1283 915 1333 populi
940 1283 1098 1320 Romani
1117 1283 1365 1334 dominusque
1385 1297 1462 1321 om-

145 1347 167 1380 6
188 1343 289 1380 nium
307 1343 474 1393 gentium
502 1356 583 1380 esse
612 1343 847 1393 concupierit,
868 1343 981 1392 idque
1009 1343 1215 1393 perfecerit.
1272 1343 1379 1380 Hanc
1400 1357 1462 1380 cu-

189 1402 384 1452 piditatem
400 1403 430 1439 si
444 1403 639 1439 honestam
655 1402 736 1452 quis
752 1414 832 1439 esse
846 1402 944 1445 dicit,
959 1415 1085 1439 amens
1102 1408 1168 1439 est.
1210 1403 1352 1440 Probat
1368 1403 1464 1440 enim

188 1462 314 1513 legum
326 1466 364 1498 et
378 1462 558 1499 libertatis
572 1462 779 1498 interitum:
801 1474 1000 1511 earumque
1016 1462 1305 1511 oppressionem,
1317 1466 1464 1499 taetram

147 1522 166 1558 '7
188 1526 226 1558 et
245 1521 516 1565 detestabilem,
537 1521 738 1572 gloriosam
759 1525 879 1571 putat.
927 1521 999 1565 Qui
1018 1525 1144 1557 autem
1162 1521 1312 1565 fatetur,
1329 1521 1462 1558 hones-

188 1585 268 1618 tum
286 1593 361 1619 non
379 1594 460 1618 csse
479 1581 515 1618 in
535 1593 578 1618 ea
597 1580 755 1623 cim'tate,
776 1593 861 1630 quae
881 1580 997 1618 libera
1021 1580 1101 1624 fuit,
1122 1593 1280 1630 quaeque
1300 1592 1380 1617 esse
1400 1580 1463 1618 de-

188 1641 286 1684 beat,
315 1653 483 1691 regnare,
511 1640 578 1678 sed
606 1640 650 1684 ei,
673 1640 735 1690 qui
762 1640 800 1676 id
832 1640 954 1677 facere
983 1640 1111 1690 possit,
1138 1652 1218 1677 esse
1246 1639 1358 1677 utile:
1389 1653 1465 1690 qua

188 1700 286 1738 hunc
319 1700 577 1751 objurgatione
606 1705 672 1737 aut
704 1713 778 1750 quo
811 1699 936 1750 potius
964 1699 1128 1737 convicio
1156 1712 1178 1736 a
1206 1704 1312 1737 tanto
1340 1712 1464 1738 errore

146 1764 167 1796 8
189 1772 300 1796 coner
326 1760 514 1797 avellere?
569 1759 702 1797 Potest
727 1759 836 1803 enim,
857 1759 907 1795 dii
925 1759 1164 1802 immortales,
1187 1759 1359 1809 cuiquam
1380 1773 1462 1797 esse

188 1819 277 1855 utile
296 1819 542 1855 foedissimum
561 1823 599 1855 et
618 1818 864 1856 taeterrimum
885 1818 1122 1868 parricidium
1146 1818 1277 1868 patriae
1296 1831 1302 1855 :
1333 1832 1462 1868 quam-

188 1878 242 1914 vis
269 1878 311 1921 is,
341 1877 404 1928 qui
431 1890 470 1915 se
498 1890 543 1915 eo
576 1877 825 1921 obstrinxerit,
855 1877 903 1914 ab
931 1877 1119 1927 oppressis
1148 1877 1288 1914 civibus
1321 1878 1464 1915 Parens

147 1942 168 1975 9
189 1937 426 1974 nominetur?
465 1937 672 1974 Honestate
686 1936 799 1987 igitur
814 1936 1007 1986 dirigenda
1022 1936 1161 1973 utilitas
1176 1940 1244 1980 est,
1260 1941 1298 1973 et
1313 1937 1464 1987 quidem

190 1997 252 2039 sic,
273 2001 317 2033 ut
343 1997 427 2034 haec
446 1996 534 2040 duo,
555 1997 668 2033 verbo
696 1996 791 2033 inter
816 2008 855 2032 se
876 1996 1100 2046 discrepare,
1121 2008 1160 2032 re
1187 2008 1305 2032 unum
1333 2008 1462 2033 sonare

123 2060 169 2093 10
189 2055 393 2093 videantur.
449 2056 535 2092 Non
553 2056 686 2098 habeo,
707 2055 756 2091 ad
775 2055 881 2106 vulgi
901 2054 1120 2105 opinionem,
1141 2067 1227 2104 quae
1253 2055 1374 2104 major
1391 2055 1462 2092 uti-

188 2115 283 2158 litas,
313 2127 425 2164 quam
452 2114 643 2165 regnandi,
673 2127 754 2150 esse
782 2114 922 2164 possit:
951 2113 1042 2150 nihil
1070 2118 1200 2151 contra
1227 2113 1390 2151 inutilius
1418 2115 1463 2158 ei,

189 2174 252 2224 qui
279 2174 415 2224 injuste
443 2178 664 2210 consecutus
693 2173 751 2216 sit,
781 2173 936 2215 invenio,
959 2186 1044 2210 cum
1071 2173 1120 2209 ad
1146 2173 1338 2210 veritatem
1366 2173 1465 2224 coepi

125 2238 167 2271 11
190 2246 364 2270 revocare
383 2232 571 2269 rationem.
628 2233 792 2269 Possunt
811 2232 907 2269 enim
928 2232 1101 2281 cuiquam
1120 2245 1201 2269 esse
1220 2232 1330 2269 utiles
1349 2245 1463 2284 ango-

190 2305 259 2336 reS,
284 2292 559 2335 sollicitudines,
581 2291 700 2328 diurni
729 2296 765 2328 et
793 2291 962 2328 nocturni
990 2295 1124 2335 metu&
1145 2291 1222 2328 vita
1248 2291 1464 2330 insidiarum

190 2351 512 2402 periculorumque
532 2351 773 2402 plenissima?

128 2435 177 2473 12
302 2433 427 2471 Multa
446 2433 567 2482 iniqui
584 2438 692 2480 atque
711 2433 875 2481 infideles
893 2445 1010 2480 reyno,
1027 2433 1142 2480 pauci
1159 2437 1247 2469 sunt
1265 2432 1357 2476 boni,
