1674 2754
586 217 699 241 LIBER
726 216 783 240 111.
841 215 929 240 CAP.
960 215 1044 240 xm.
1423 207 1494 242 101

148 301 408 354 Respondebit
435 302 626 355 Diogenes
653 303 814 340 fortasse
841 301 916 338 sic:
946 300 1066 338 Aliud
1085 305 1144 338 est
1174 302 1308 346 celare,
1330 302 1433 340 aliud
1454 307 1476 340 8

147 368 271 402 tacere
287 376 296 408 3
324 375 446 413 neque
465 375 539 414 ego
558 375 657 400 nunc
674 367 710 400 te
730 362 822 406 celo,
844 361 875 398 si
893 361 961 398 tibi
979 374 1054 398 non
1075 360 1170 404 dico,
1192 375 1278 411 quae
1297 367 1433 398 natura

147 423 303 461 deorum
322 423 380 467 sit,
403 423 467 473 qui
487 423 535 459 sit
562 422 643 459 finis
673 423 869 465 bonorum,
891 433 977 471 quae
1006 421 1073 458 tibi
1103 421 1189 472 plus
1210 421 1434 471 prodessent

147 483 308 534 cognita,
329 495 444 534 quam
473 483 585 520 tritici
603 482 735 520 vilitas.
793 481 870 519 Sed
890 494 976 525 non,
1007 481 1187 531 quicquid
1207 481 1276 518 tibi
1304 482 1432 519 audire

145 543 236 581 utile
267 547 336 588 est,
365 543 404 580 id
432 543 524 580 mihi
552 542 676 580 dicere
704 555 857 579 necesse
886 546 953 579 est.
1011 542 1134 579 Immo
1163 554 1263 585 vero,
1292 541 1434 591 inquiet
1454 546 1475 579 9

145 603 216 648 ille,
238 616 390 641 necesse
410 608 478 648 est,
500 603 532 641 si
550 603 703 653 quidem
723 593 931 645 meministi,
954 614 1036 639 esse
1055 601 1150 638 inter
1170 601 1340 639 homines
1367 614 1431 638 na-

145 668 230 701 tura
248 664 488 715 conjunctam
507 663 738 701 societatem.
795 662 961 706 Memini,
977 662 1119 712 inquiet
1137 662 1199 699 ille
1215 675 1223 699 :
1254 662 1322 700 sed
1341 675 1432 699 num
1455 666 1503 700 10

144 724 215 761 ista
233 724 392 762 societas
411 724 495 762 talis
515 728 584 768 est,
605 729 649 760 ut
668 723 759 760 nihil
779 735 890 760 suum
919 722 1143 773 cujusquam
1172 723 1251 760 sit?
1281 722 1383 773 quod
1403 722 1434 760 si

143 784 195 821 ita
213 788 282 828 est,
302 796 349 822 ne
368 783 609 822 vendendum
629 783 782 834 quidem
801 783 1002 834 quicquam
1023 788 1091 827 est,
1113 782 1181 820 sed
1200 782 1430 821 donandum.

143 842 254 882 XIII.
284 844 404 882 Vides
423 844 460 882 in
478 845 550 882 hac
570 848 651 881 tota
677 844 948 894 disceptatione
976 856 1051 880 non
1078 843 1171 880 illud
1193 843 1278 887 dici,
1300 856 1431 894 quam-

143 904 198 941 vis
217 905 289 942 hoc
318 908 430 956 turpe
457 905 516 949 sit,
537 909 676 949 tamen,
698 904 874 955 quoniam
902 904 1066 955 expedit,
1097 903 1255 947 faciam;
1284 903 1352 940 sed
1379 903 1432 940 ita

144 964 333 1015 expedire,
353 970 397 1002 ut
423 969 537 1016 turpe
569 978 644 1002 non
677 965 747 1002 sit:
778 977 824 1001 ex
851 964 969 1001 altera
999 968 1128 1001 autem
1157 968 1276 1014 parte,
1306 976 1351 1000 ea
1377 975 1429 1007 re,

143 1025 230 1076 quia
248 1029 360 1076 turpe
380 1025 437 1069 sit,
458 1038 533 1062 non
553 1038 635 1062 esse
654 1024 878 1062 faciendum.
935 1023 1088 1061 Vendat
1114 1024 1215 1061 aedes
1235 1024 1291 1060 vir
1309 1024 1431 1061 bonus
1452 1028 1474 1061 2

144 1089 300 1136 propter
318 1085 442 1135 aliqua
468 1085 568 1129 vitia,
590 1098 676 1135 quae
696 1085 777 1135 ipse
806 1085 915 1128 norit,
946 1084 1059 1121 ceteri
1089 1084 1263 1135 ignorent
1278 1097 1286 1128 ;
1316 1084 1429 1134 pesti-

143 1144 263 1182 lentes
282 1145 365 1188 sint,
387 1149 425 1182 et
443 1145 656 1182 habeantur
673 1145 841 1182 salubres
858 1157 866 1188 ;
895 1144 1100 1195 ignoretur,
1116 1144 1154 1180 in
1173 1144 1347 1181 omnibus
1367 1157 1430 1181 cu-

143 1203 275 1242 biculis
304 1217 488 1255 apparere
517 1208 738 1255 serpentes3
768 1204 867 1241 male
894 1204 1106 1241 materiatae
1139 1204 1224 1248 sint,
1254 1204 1428 1249 ruinosae,

142 1263 210 1302 sed
229 1264 313 1309 hoc,
340 1268 481 1316 praeter
499 1264 703 1308 dominum,
723 1277 834 1301 nemo
863 1264 956 1301 sciat
973 1277 980 1301 z
1010 1277 1152 1314 quaero,
1173 1264 1204 1301 si
1222 1265 1305 1302 haec
1325 1276 1429 1316 emp-
1451 1269 1473 1301 3

142 1325 285 1363 toribus
303 1324 475 1362 venditor
493 1337 568 1362 non
588 1324 732 1369 dixerit,
749 1324 928 1374 aedesque
941 1324 1151 1362 vendiderit
1163 1324 1282 1375 pluris
1296 1324 1430 1368 multo,

143 1397 257 1435 quam
275 1397 316 1423 se
334 1384 577 1422 venditurum
606 1385 758 1436 putarit,
780 1397 872 1421 num
902 1383 973 1436 [id]
1002 1384 1141 1435 injuste
1161 1389 1228 1422 aut
1257 1385 1430 1436 improbe

142 1445 285 1482 fecerit.
341 1445 412 1482 Ille
440 1458 541 1488 vero,
571 1445 691 1495 inquit
710 1445 924 1495 Antipater.
982 1445 1082 1490 Quid
1111 1449 1169 1482 est
1197 1445 1295 1482 enim
1315 1445 1428 1489 aliud,
1451 1448 1474 1482 4

143 1504 281 1542 erranti
310 1504 409 1542 viam
445 1517 520 1542 non
556 1509 776 1548 monstrare,
807 1504 910 1554 quod
938 1504 1101 1541 Athenis
1134 1505 1432 1542 execrationibus

144 1565 304 1615 publicis
324 1569 497 1602 sanctum
525 1568 594 1608 est,
615 1564 646 1602 si
673 1565 746 1602 hoc
774 1577 849 1601 non
878 1569 946 1608 est,
969 1569 1180 1615 emptorem
1199 1565 1278 1615 pati
1309 1577 1429 1610 ruere,

143 1629 182 1662 et
200 1637 268 1676 per
285 1637 451 1662 errorem
470 1624 507 1662 in
524 1624 724 1662 maximam
739 1624 910 1661 fraudem
928 1624 1114 1661 incurrere
1131 1625 1147 1661 ἱ)
1203 1625 1297 1662 Plus
1316 1625 1429 1663 etiam
1450 1631 1472 1664 5

143 1690 212 1728 est,
233 1697 347 1735 quam
364 1686 464 1723 viam
483 1698 558 1722 non
577 1689 795 1722 monstrare.
852 1683 954 1721 Nam
981 1689 1038 1721 est
1066 1684 1244 1722 scientem
1272 1685 1310 1722 in
1329 1697 1429 1722 erro-

143 1757 223 1782 rem
254 1745 415 1783 alterum
444 1745 634 1782 inducere.
691 1745 881 1796 Diogenes
916 1749 1070 1782 contra:
1101 1745 1206 1782 Num
1238 1749 1276 1782 te
1305 1757 1428 1783 emere
1449 1750 1472 1784 6

143 1805 277 1857 coegit,
297 1805 362 1856 qui
378 1818 425 1843 ne
444 1805 616 1843 hortatus
635 1805 788 1855 quidem
808 1805 895 1842 est?
926 1805 1008 1849 Ille,
1025 1805 1128 1855 quod
1143 1818 1217 1842 non
1238 1805 1426 1856 placebat,

143 1864 382 1917 proscripsit:
413 1870 466 1910 tu,
487 1865 590 1916 quod
609 1865 797 1916 placebat,
820 1864 952 1902 emisti.
1009 1865 1154 1910 Quodsi
1174 1865 1238 1916 qui
1265 1865 1427 1916 proscri-
1450 1865 1470 1903 7

144 1926 239 1964 bunt
256 1938 437 1964 VILLAM
464 1937 632 1964 ΒοΝΑΜ
661 1938 886 1967 BENEQUE
918 1938 1250 1970 AEDIFICATAM,
1271 1939 1346 1963 non
1365 1939 1428 1964 ex-

143 1985 354 2024 istimantur
371 1986 559 2031 fefellisse,
589 1985 737 2024 etiamsi
759 1986 822 2023 illa
849 1999 918 2024 nec
946 1987 1046 2024 bona
1065 1991 1134 2030 cst,
1155 1999 1224 2024 nec
1246 1986 1430 2024 aedificata

144 2045 286 2084 ratione
301 2059 310 2091 ;
338 2046 459 2084 multo
477 2047 610 2091 minus,
627 2047 693 2097 qui
708 2046 865 2084 domum
880 2060 955 2084 non
972 2047 1187 2085 laudarunt.
1227 2047 1308 2086 Ubi
1328 2047 1429 2085 enim

141 2105 326 2157 judicium
345 2107 525 2157 emptoris
545 2111 614 2151 est,
641 2107 691 2144 ibi
709 2107 813 2144 fraus
832 2107 1035 2145 venditoris
1065 2119 1151 2158 quae
1170 2112 1297 2158 potest
1313 2108 1428 2146 esse?

145 2166 212 2204 Sin
231 2171 358 2204 autem
377 2167 521 2205 dictum
546 2180 622 2205 non
650 2180 760 2205 omne
781 2167 1042 2218 praestandum
1061 2172 1130 2212 est,
1153 2168 1256 2219 quod
1285 2168 1430 2206 dictum
1450 2172 1472 2206 8

144 2239 219 2264 non
238 2231 307 2270 est,
326 2226 365 2264 id
384 2228 642 2277 praestandum
655 2229 798 2279 putas?
838 2228 939 2273 Quid
954 2241 1043 2266 vero
1058 2233 1116 2266 est
1134 2229 1297 2272 stultius,
1315 2240 1429 2277 quam

144 2286 377 2324 venditorem
395 2287 477 2337 ejus
496 2288 560 2332 rei,
582 2301 696 2338 quam
716 2288 866 2332 vendat,
887 2289 976 2326 vitia
1003 2289 1187 2326 narrare?
1245 2288 1344 2333 Quid
1363 2300 1428 2324 au-

144 2350 223 2384 tem
241 2351 320 2384 tam
339 2346 558 2392 absurdum,
572 2360 686 2399 quam
699 2349 730 2386 si
749 2348 889 2386 domini
905 2349 1015 2400 jussu
1029 2348 1081 2386 ita
1094 2361 1219 2399 praeco
1235 2346 1427 2398 praedicet,

145 2419 318 2444 υοΜσΜ
347 2419 685 2446 PnsmLENrEM
713 2409 905 2447 vmmo‘?
953 2409 1015 2446 Sic
1035 2421 1126 2459 ergo
1144 2408 1182 2445 in
1200 2406 1428 2458 quibusdam
1448 2410 1471 2444 9

145 2466 268 2505 causis
286 2466 411 2506 dubiis
442 2479 489 2504 ex
518 2467 636 2506 altera
663 2473 772 2519 parte
799 2469 1014 2507 defenditur
1032 2469 1222 2512 honestas,
1243 2479 1289 2505 ex
1308 2466 1428 2505 altera
