1674 2754
133 155 184 190 50
686 167 735 190 ΒΕ
764 166 933 192 omnious

158 253 181 287 6
201 249 300 287 tatis.
355 250 480 288 Aliter
497 251 623 301 ampla
651 252 785 289 domus
813 252 987 289 dedecori
1006 264 1109 302 saepe
1135 252 1285 290 domino
1303 253 1357 298 fit,
1377 251 1408 290 si
1425 256 1478 290 est

200 309 238 346 in
265 322 310 346 ea
337 310 514 354 solitudo,
544 316 582 348 et
609 312 783 356 maxime,
812 312 842 348 si
869 312 1069 361 aliquando
1097 312 1171 350 alio
1197 312 1346 350 domino
1375 313 1481 350 solita

159 368 180 407 7
201 373 261 406 est
287 369 524 420 frequentari.
582 371 766 408 Odiosum
794 376 852 408 est
880 371 989 415 enim,
1019 384 1106 409 cum
1126 384 1149 409 a
1167 372 1481 423 praetereuntibus

201 429 359 467 dicitur:

441 511 472 549 O
491 511 623 548 domus
642 512 809 560 antiqua,
830 512 898 549 keu
919 525 1032 561 quam
1050 512 1194 561 dispari

341 570 548 608 Dominare
565 571 716 609 domino
730 570 748 608 l

157 677 180 712 8
201 673 304 723 quod
323 673 476 724 quidem
494 673 552 711 his
571 674 803 724 temporibus
822 674 860 712 in
878 674 1005 712 multis
1033 674 1119 713 licet
1146 674 1280 714 dicere.
1337 676 1481 714 Caven-

199 732 292 770 dum
310 738 438 770 autem
457 738 525 777 est,
547 733 756 784 praesertim
775 734 806 771 si
823 734 904 784 ipse
933 734 1107 779 aedifices,
1127 747 1174 772 ne
1193 739 1300 772 extra
1325 735 1480 772 modum

199 797 356 842 sumptu
370 797 408 829 et
421 793 697 843 magnificentia
711 793 890 844 prodeas:
911 794 1037 844 quoin
1055 807 1193 845 genere
1211 795 1374 834 multum
1393 795 1480 833 mali

156 854 180 888 9
199 851 313 888 etiam
344 851 382 888 in
414 852 588 901 exemplo
616 856 684 889 est.
741 852 917 890 Studiose
945 853 1043 890 enim
1070 854 1247 904 plerique5
1269 855 1479 904 praesertim

198 910 236 948 in
267 911 364 948 hanc
394 915 553 961 partem,
574 911 676 949 sacta
702 911 914 962 principum
944 912 1157 950 imitantur:
1186 918 1230 950 ut
1257 914 1299 950 L.
1321 914 1479 958 Luculli,

200 971 336 1008 summi
354 970 433 1014 viri,
454 971 634 1008 virtutem
653 971 736 1021 quis
755 971 771 1008 2
801 976 841 1008 at
859 984 974 1021 quam
993 972 1103 1009 multi
1121 972 1292 1010 villarum
1312 973 1479 1024 magnifi-

199 1031 360 1067 centiam
378 1030 509 1067 imitati
529 1031 648 1068 sunt?
679 1032 847 1076 Quarum
867 1032 1020 1082 quidem
1040 1036 1140 1069 certe
1160 1036 1218 1069 est
1245 1032 1480 1070 adhibendus

199 1090 346 1133 modus,
361 1090 410 1127 ad
426 1091 799 1141 mediocritatemque
814 1091 1058 1129 revocandus.
1101 1091 1320 1141 Eademque
1339 1092 1479 1129 medio-

199 1150 311 1187 critas
326 1149 376 1187 ad
395 1162 544 1187 omnem
564 1163 674 1187 usum
690 1151 910 1201 cultumque
922 1151 1008 1188 vitae
1023 1151 1280 1188 transferenda
1295 1156 1363 1189 est.
1403 1152 1478 1189 Sed

198 1210 285 1248 haec
304 1210 498 1247 hactenus.

134 1273 179 1307 10
252 1269 298 1306 In
329 1269 429 1306 omni
462 1274 589 1306 autem
626 1269 774 1307 actione
806 1269 1043 1320 suscipienda
1074 1269 1144 1306 tn'a
1177 1274 1264 1307 sunt
1292 1271 1477 1308 tenenda:

199 1329 374 1380 primum,
394 1334 437 1366 ut
456 1329 647 1380 appetitus
672 1329 805 1367 rationi
832 1334 963 1380 pareat
977 1342 986 1373 ;
1015 1342 1090 1379 quo
1108 1329 1197 1366 nihil
1217 1335 1273 1366 est
1292 1329 1341 1367 ad
1361 1331 1480 1368 officia

200 1388 455 1427 conservanda
491 1389 810 1426 accommodatius
826 1401 834 1426 z
883 1388 1030 1432 deinde,
1068 1394 1112 1426 ut
1148 1389 1478 1434 animadvertatur,

199 1453 341 1498 quanta
369 1448 432 1485 illa
455 1460 521 1485 ‘res
551 1449 610 1492 sit,
639 1461 755 1498 quam
782 1449 927 1486 efficere
955 1448 1136 1493 velimus;
1164 1453 1207 1486 ut
1234 1461 1327 1487 neve
1346 1450 1477 1500 major,

197 1519 292 1545 neve
311 1508 432 1545 minor
451 1520 542 1545 cura
561 1513 599 1545 et
617 1520 733 1559 opera
752 1508 988 1558 suscipiatur,
1009 1521 1123 1558 quam
1149 1521 1261 1546 causa
1288 1509 1454 1559 postulet
1470 1522 1477 1547 :

198 1568 352 1606 tertium
372 1573 440 1612 est,
461 1572 505 1605 ut
524 1580 734 1612 caveamus,
754 1572 797 1604 ut
816 1580 870 1611 ea,
891 1581 978 1617 quae
1007 1568 1195 1618 pertinent
1219 1568 1268 1606 ad
1286 1569 1479 1606 liberalem

136 1632 177 1667 11
198 1628 361 1679 speciem
393 1633 432 1665 et
467 1624 701 1678 dignitatem,
734 1627 931 1665 moderata
963 1627 1046 1665 sint.
1102 1626 1240 1665 Modus
1267 1633 1395 1665 autem
1422 1633 1480 1666 est

199 1689 374 1739 optimus,
395 1688 511 1726 decus
530 1689 655 1739 ipsum
673 1692 814 1732 tenere,
836 1687 884 1725 de
904 1700 979 1738 quo
998 1691 1084 1725 ante
1113 1687 1285 1732 diximus,
1306 1701 1375 1726 nec
1394 1701 1479 1739 pro-

198 1748 305 1800 gredi
335 1749 493 1800 longiuS.
549 1749 697 1786 Horum
727 1753 854 1786 tamen
883 1748 996 1785 trium
1028 1748 1380 1798 praestantissimum
1409 1753 1477 1793 est,

198 1808 411 1860 appetitum
430 1809 693 1859 obtemperare
711 1807 854 1846 rationi.

243 1927 324 1966 XL.
344 1927 533 1977 Deinceps
553 1927 601 1964 de
620 1926 787 1976 ordine,
806 1939 956 1964 rerum
975 1930 1014 1963 et
1032 1925 1080 1963 de
1105 1926 1471 1976 opportunitatt

200 1993 291 2025 tem
302 2001 327 2038 p
339 2000 361 2024 o
371 2000 473 2024 rum
492 1986 693 2024 dicendum
709 1990 776 2024 est.
820 1986 917 2024 Haec
932 1990 1060 2023 autem
1074 1985 1227 2023 scientia
1245 1986 1471 2024 continentur

198 2060 255 2091 ea,
276 2060 390 2097 quam
420 2047 547 2084 Graeci
574 2047 738 2095 εὐταξίαν
757 2046 970 2090 nominant3
998 2058 1073 2082 non
1099 2045 1207 2089 hanc,
1227 2058 1341 2096 quam
1367 2046 1473 2083 inter-

199 2111 393 2158 pretamur
410 2106 645 2150 modestiam,
666 2119 740 2156 quo
758 2106 796 2143 in
813 2106 929 2143 verbo
947 2104 1083 2142 modus
1101 2105 1198 2142 inest
1213 2118 1221 2150 ;
1250 2104 1318 2142 sed
1339 2105 1402 2143 illa
1421 2111 1472 2143 est

157 2172 178 2204 2
198 2166 356 2215 εὐταξία,
384 2166 423 2203 in
449 2179 524 2216 qua
550 2165 771 2216 intelligitur
797 2165 936 2202 ordinis
963 2165 1206 2203 conservatio.
1261 2165 1406 2215 Itaque,
1435 2170 1478 2204 ut

199 2227 358 2263 eandem
377 2238 444 2263 nos
463 2225 686 2262 modestiam
706 2225 951 2275 appellemus,
968 2225 1019 2262 sic
1039 2225 1214 2262 definitur
1232 2237 1255 2261 a
1273 2225 1420 2270 Stoicis,
1434 2229 1478 2264 ut

199 2285 384 2323 modestia
403 2285 449 2323 sit
468 2285 621 2322 scientia
639 2297 766 2322 earum
781 2297 918 2329 rerum,
933 2298 1019 2335 quae
1036 2289 1196 2336 agentur
1214 2289 1281 2322 aut
1296 2285 1478 2331 dicentur,

158 2345 284 2384 31000
311 2358 380 2382 suo
411 2345 723 2382 collocandamm.
779 2346 841 2382 Ita
867 2344 1016 2382 vide'tur
1043 2344 1177 2382 eadem
1195 2344 1250 2382 vis
1277 2344 1414 2383 ordinis
1440 2350 1479 2385 et

201 2405 454 2443 collocationis
482 2404 573 2443 fore.
629 2404 730 2442 Nam
757 2409 796 2443 et
822 2404 991 2442 ordinem
1011 2404 1063 2442 sic
1082 2404 1276 2449 definiunt,
1296 2407 1478 2457 composi-
