1674 2754
562 221 676 246 LIBER
696 219 752 245 111.
809 219 896 245 CAP.
918 220 954 244 v.
1382 211 1427 244 91

85 307 174 345 tatio
193 306 339 351 accidit,
359 307 471 358 quale
491 307 539 345 sit
557 307 607 351 id,
629 306 676 344 de
695 319 770 356 quo
791 305 1055 343 consideretur.
1112 304 1224 355 Saepe
1244 306 1359 343 enim·
1383 310 1428 343 11

82 373 251 418 tempore
269 368 323 412 fit,
339 372 393 412 ut,
410 367 512 418 quod
530 372 642 418 turpe
662 367 885 417 plerumque
903 364 1034 402 haberi
1053 364 1183 408 soleat,
1201 365 1362 402 invenia-

81 432 143 477 tur
168 420 243 465 non
270 439 352 465 esse
380 432 502 478 turpe.
559 426 733 478 Exempli
762 437 875 463 causa
901 428 1064 476 ponatur
1084 424 1237 474 aliquid,
1259 425 1361 474 quod

80 491 208 538 pateat
221 487 344 525 latius.
385 487 497 532 Quod
513 492 640 538 potest
654 487 777 538 majus
793 498 874 523 esse
887 485 1020 529 scelus,
1034 496 1148 534 quam
1161 496 1236 521 non
1248 484 1361 521 modo
1384 488 1430 521 12

79 547 277 591 hominem,
305 547 372 585 sed
401 547 514 585 etiam
539 547 760 584 familiarem
787 545 976 583 hominem
1003 544 1202 582 occidere?
1258 543 1362 581 Num

78 607 192 659 igitur
219 620 259 644 se
287 607 456 644 astrinxit
483 607 634 651 scelere,
656 607 687 644 si
705 598 770 657 qui
796 610 997 656 tyrannum
1024 604 1170 648 occidit,
1192 604 1363 654 quamvis

78 667 327 705 familiarem?
382 667 532 718 Populo
560 666 712 717 quidem
743 666 915 703 Romano
942 677 1017 702 non
1044 664 1204 708 videtur,
1225 663 1289 714 qui
1316 676 1362 700 ex
1386 667 1431 700 13

80 727 250 765 omnibus
271 727 458 778 praeclaris
477 727 587 764 factis
601 726 695 764 illud
715 725 1008 776 pulcherrimum
1024 724 1223 761 existimat.
1262 723 1364 761 Vicit

79 800 170 838 ergo
189 787 328 825 utilitas
347 787 613 825 honestatem?
655 787 778 824 Immo
792 798 880 823 vero
896 785 1133 823 honestatem
1148 784 1290 821 utilitas
1305 787 1365 821 est

79 852 292 885 consecuta.

133 965 278 1017 ltaque,
298 972 343 1005 ut
362 967 440 1004 sine
459 967 536 1005 ullo
562 979 686 1004 errore
705 965 911 1017 dijudicare
940 964 1141 1016 possimus,
1163 964 1194 1001 si
1212 962 1364 1014 quando
1386 967 1433 1001 14

82 1041 167 1065 cum
185 1027 261 1071 illo,
282 1028 385 1078 quod
413 1028 614 1065 honestum
640 1026 897 1077 intelligimUS,
919 1037 1089 1077 pugnare
1108 1024 1146 1062 id
1164 1024 1363 1068 videbitur,

82 1087 183 1137 quod
195 1097 199 1104 ·
211 1088 448 1138 appellamus
474 1087 577 1131 utile,
609 1087 771 1124 formula
799 1086 974 1136 quaedam
1003 1084 1265 1123 constituenda
1293 1088 1363 1128 est,

80 1159 192 1198 quam
220 1147 252 1184 si
278 1159 480 1197 sequemur
510 1147 548 1184 in
584 1146 860 1197 comparatione
888 1158 1025 1188 rerum,
1046 1145 1094 1182 ab
1123 1144 1242 1181 officio
1270 1157 1363 1180 nun-

79 1219 192 1257 quam
208 1207 440 1245 recedemus.
488 1207 570 1244 Erit
584 1210 712 1243 autem
728 1206 810 1243 haec
825 1205 987 1242 formula
1002 1205 1215 1242 Stoicorum
1230 1203 1364 1241 rationi
1386 1208 1432 1242 15

78 1267 358 1318 disciplinaeque
383 1266 545 1304 maxime
574 1270 847 1304 consentanea:
877 1277 991 1316 quam
1010 1264 1163 1315 quidem
1183 1264 1240 1301 his
1260 1264 1364 1301 libris

78 1334 279 1378 propterea
297 1327 500 1377 sequimur,
522 1326 636 1377 quod,
658 1338 889 1377 quamquam
908 1330 946 1362 et
964 1338 986 1361 a
1005 1325 1195 1362 veteribus
1214 1324 1364 1361 Acade-

78 1387 180 1425 micis
195 1391 233 1424 et
253 1399 275 1424 a
294 1387 556 1438 Peripateticis
571 1387 715 1431 vestris,
733 1386 796 1437 qui
809 1385 1000 1436 quondam
1014 1385 1126 1422 iidem
1146 1389 1262 1427 erant,
1280 1396 1363 1435 quae

77 1447 236 1485 honesta
263 1452 352 1484 sunt
379 1451 662 1498 anteponuntur
688 1447 743 1491 iis,
763 1459 850 1497 quae
877 1445 1052 1483 videntur
1079 1445 1208 1489 utilia;
1238 1450 1364 1482 tamen

79 1507 310 1558 splendidius
329 1507 412 1544 haec
432 1508 481 1544 ab
495 1507 548 1544 eis
564 1507 809 1550 disseruntur,
830 1506 977 1556 quibuS‚
998 1518 1023 1555 q
1034 1504 1083 1541 ui
1097 1518 1116 1542 c
1129 1518 1153 1554 q
1165 1518 1192 1541 u
1202 1504 1214 1541 i
1224 1505 1249 1541 d
1277 1505 1303 1541 h
1317 1517 1338 1541 o
1349 1526 1362 1532 -

79 1572 280 1605 nestum
308 1571 398 1610 est,
427 1567 560 1604 idem
587 1566 722 1604 utile
749 1566 910 1609 videtur,
940 1578 1031 1603 nec
1060 1565 1193 1602 utile
1222 1564 1363 1615 quic-

78 1639 243 1677 quam,
272 1627 406 1677 quod
440 1639 536 1664 non
567 1627 868 1670 honestum;
906 1638 1021 1676 quam
1055 1625 1102 1663 ab
1135 1624 1190 1669 iis,
1228 1624 1365 1675 quibus

78 1691 145 1724 aut
163 1686 363 1724 honestum
383 1686 523 1737 aliquid
542 1699 617 1724 non
632 1686 734 1731 utile,
750 1690 816 1723 aut
830 1685 921 1723 utile
935 1698 1009 1723 non
1024 1685 1236 1722 honestum.
1285 1684 1363 1722 No·
1387 1688 1432 1722 16

82 1746 136 1785 bis
155 1750 282 1784 autem
300 1750 430 1784 nostra
448 1746 658 1784 Academia
676 1759 854 1797 magnam
874 1745 1062 1783 licentiam
1082 1745 1160 1789 dat,
1181 1750 1223 1782 ut
1244 1744 1363 1795 quod-

78 1819 226 1858 cunque
245 1807 407 1860 maxime
427 1806 621 1857 probabile
641 1810 825 1850 occurrat,
847 1805 885 1844 id
913 1810 1042 1843 nostro
1057 1805 1143 1856 jure
1169 1805 1279 1843 liceat
1299 1805 1362 1842 de-

81 1866 245 1905 fendere.
301 1866 379 1904 Sed
397 1866 510 1904 redeo
530 1866 579 1904 ad
599 1866 812 1905 formulam.

131 1986 179 2025 V.
209 1987 419 2034 Detrahere
437 1986 552 2038 igitur
569 1986 676 2024 alteri
695 1986 846 2037 aliquid,
868 1991 906 2024 et
924 1986 1115 2024 hominem
1134 1985 1292 2023 hominis
1310 1986 1364 2024 in-

80 2047 280 2085 commodo
307 2060 419 2085 suum
445 2059 585 2098 augere
615 2047 869 2091 commodum,
890 2047 1009 2097 magis
1030 2051 1088 2084 cst
1107 2051 1237 2085 contra
1255 2057 1363 2083 natu-

81 2119 172 2150 ram,
193 2119 306 2157 quam
323 2120 436 2152 mors,
453 2120 568 2158 quam
586 2114 802 2158 paupertas,
820 2120 934 2157 quam
955 2107 1072 2151 dolor,
1094 2119 1208 2157 quam
1228 2111 1363 2151 cetera,

80 2178 166 2217 quae
185 2171 342 2216 possunt
361 2172 428 2204 aut
454 2167 601 2217 corpori
620 2167 789 2205 accidere
810 2172 876 2204 aut
895 2167 1008 2205 rebus
1029 2167 1203 2205 externis.
1260 2167 1361 2204 Nam
1384 2171 1405 2204 2

82 2226 262 2277 principio
275 2226 371 2264 tollit
385 2227 596 2264 convictum
610 2227 817 2264 humanum
832 2232 870 2264 et
885 2227 1113 2265 societatem.
1145 2227 1184 2264 Si
1200 2227 1296 2264 enim
1313 2227 1363 2263 sic

81 2285 219 2323 erimus
247 2285 382 2329 affecti,
402 2290 446 2323 ut
473 2291 629 2337 propter
653 2300 764 2324 suum
784 2287 943 2337 quisquc
963 2287 1257 2325 emolumentum
1278 2299 1363 2336 spo-

80 2345 146 2383 liet
159 2349 226 2382 aut
240 2345 353 2382 violet
368 2345 539 2390 alterum,
557 2346 722 2398 dirumpi
741 2359 895 2385 necesse
915 2351 972 2384 est
992 2359 1086 2390 eam,
1104 2359 1189 2397 quae
1204 2346 1364 2382 maxime

81 2409 141 2443 est
165 2405 374 2442 secundum
399 2409 583 2450 naturam,
605 2407 759 2444 humani
786 2407 934 2457 generis
961 2406 1190 2444 societatem.
1247 2405 1312 2449 Ut,
1333 2404 1364 2442 si
1385 2409 1406 2443 3

81 2464 378 2517 unumquodque
395 2465 606 2504 membrum
625 2479 777 2504 sensum
794 2467 895 2505 hunc
915 2466 1085 2511 haberet,
1100 2470 1144 2503 ut
1163 2477 1273 2516 posse
1293 2478 1363 2516 pu·
