1674 2754
148 191 197 228 54
695 199 745 223 nn
774 198 942 224 ormena

217 291 344 324 autem
374 286 552 336 ipsorum,
586 298 672 336 quae
706 285 864 322 honesta
900 289 998 328 sunt,
1033 288 1159 335 potest
1194 283 1358 322 incidere
1391 295 1490 334 saepe

219 346 407 384 contentio
419 350 458 384 et
471 345 699 396 comparatio
713 357 721 389 ;
742 344 790 381 de
802 344 950 381 duobus
962 344 1128 380 honestis
1142 348 1271 381 utrum
1284 343 1490 381 honestius:

175 411 197 444 3
219 407 283 457 qui
301 406 405 443 locus
424 418 447 442 a
464 405 636 443 Panaetio
656 409 713 442 est
732 405 1015 454 praetermissus.
1062 403 1162 440 Nam
1183 416 1268 440 cum
1287 403 1406 440 omnis
1426 403 1491 440 ho-

217 471 343 503 nestas
370 470 498 502 manet
523 478 544 502 a
571 465 742 515 partibus
763 469 952 513 quattuor,
975 476 1134 514 quarum
1154 476 1228 500 una
1249 463 1297 500 sit
1315 463 1492 514 cognitio-

217 526 285 570 nis,
306 526 423 562 altera
451 524 738 567 communitatis,
767 524 877 560 tertia
904 523 1227 574 magnanimitatis,
1254 528 1388 572 quarta
1414 535 1493 559 mo-

219 585 419 623 derationis
436 598 443 621 :
472 585 534 622 hae
561 584 597 621 in
618 583 818 635 deligendo
845 583 964 621 officio
983 596 1085 634 saepe
1104 583 1199 620 inter
1218 595 1258 620 se
1278 595 1493 633 comparen-

218 650 282 683 tur
298 657 450 682 necesse
471 649 541 682 est.

176 709 199 742 4
270 705 402 743 Placet
438 704 564 756 igitur,
597 703 743 754 aptiora
780 715 861 740 esse
898 707 1044 740 naturae
1080 715 1124 740 ea
1161 701 1290 745 officia,
1325 714 1410 751 quae
1450 713 1496 738 ex

176 772 198 805 5
219 765 496 808 communitate,
516 776 630 814 quam
657 776 712 807 ea,
733 776 819 813 quae
846 775 892 800 ex
918 763 1127 814 cognitione
1146 761 1354 799 ducantur:
1383 761 1496 811 idque

218 826 290 862 hoc
310 829 534 875 argumento
554 824 765 861 confirmari
793 828 930 874 potest,
951 822 1065 872 quod,
1087 822 1117 858 si
1143 821 1339 872 contigerit
1358 833 1402 858 ea
1421 820 1497 857 vita

219 884 388 935 sapienti,
418 889 460 920 ut
489 883 527 920 in
553 883 720 920 omnium
753 895 878 920 rerum
905 882 1143 920 affluentibus
1171 881 1298 931 copiis,
1327 879 1497 931 quamvis

219 944 352 986 omnia,
374 956 459 994 quae
490 942 701 994 cognitione
730 942 844 993 digna
871 942 954 985 sint,
985 954 1131 978 summo
1159 941 1235 978 otio
1263 953 1391 977 secum
1418 939 1498 989 ipse

220 1004 428 1042 consideret
456 1008 494 1040 et
522 1002 818 1053 contempletur:
847 1007 984 1045 tamen,
1008 1001 1039 1038 si
1065 1000 1229 1037 solitudo
1255 1004 1359 1036 tanta
1378 999 1434 1043 sit,
1456 1002 1499 1036 ut

177 1069 198 1102 6
219 1064 407 1101 hominem
440 1062 566 1099 videre
599 1075 674 1099 non
704 1062 834 1112 possit,
864 1061 1024 1099 excedat
1051 1073 1072 1098 e
1099 1060 1186 1098 vita.
1242 1059 1499 1109 Princepsque

219 1124 384 1161 omnium
415 1122 596 1159 virtutum
621 1122 684 1159 illa
712 1121 904 1171 sapientia,
934 1133 1047 1171 quam
1068 1121 1187 1169 σοφίαν
1211 1119 1336 1157 Graeci
1362 1122 1499 1156 vocant

218 1182 510 1234 -prudentiam
539 1182 647 1226 enim,
678 1194 791 1232 quam
821 1181 944 1218 Graeci
973 1180 1140 1232 φρόνησιν,
1175 1179 1284 1216 aliam
1311 1178 1499 1229 quandam

218 1243 471 1293 intelligimuS‚
493 1254 578 1292 quae
606 1246 664 1278 est
690 1254 816 1278 rerum
835 1240 1133 1291 expetendarum
1159 1238 1498 1289 fugiendarumque

177 1304 198 1341 7
219 1303 394 1346 scientia;
428 1302 490 1339 illa
517 1307 645 1342 autem
675 1300 869 1351 sapientia,
900 1312 1012 1350 quam
1040 1299 1246 1349 principem
1267 1298 1353 1342 dixi,
1375 1310 1499 1334 rerum

220 1368 278 1401 est
296 1363 504 1400 divinarum
523 1367 561 1399 et
581 1362 829 1398 humanarum
849 1359 1012 1403 scientia,
1032 1359 1069 1396 in
1088 1371 1162 1409 qua
1182 1358 1391 1395 continetur
1410 1357 1498 1393 deo-

222 1436 306 1460 rum
325 1427 363 1459 et
381 1422 575 1459 hominum
594 1420 851 1463 communitas,
873 1424 911 1456 et
930 1419 1088 1456 societas
1106 1419 1202 1456 inter
1221 1418 1335 1468 ipsos.
1393 1416 1449 1453 Ea
1469 1415 1499 1452 si

219 1482 381 1519 maxima
409 1486 477 1525 est,
498 1486 542 1518 ut
569 1485 637 1524 est,
659 1485 759 1518 certe
786 1491 938 1516 necesse
966 1483 1034 1522 est,
1057 1478 1159 1528 quod
1185 1490 1207 1514 a
1234 1476 1500 1514 communitate

179 1547 200 1580 8
221 1542 382 1579 ducatus
409 1541 582 1584 officium,
604 1540 643 1578 id
671 1552 752 1577 esse
780 1539 996 1576 maximum.
1050 1537 1200 1575 Etenim
1225 1537 1388 1588 cognitio
1414 1548 1499 1573 con-

222 1602 493 1652 templatioque
520 1605 665 1638 naturae
693 1611 829 1636 manca
848 1598 1013 1648 quodam
1040 1597 1156 1635 modo
1186 1602 1300 1647 atque
1327 1596 1502 1633 inchoata

222 1662 280 1706 sit,
302 1662 332 1699 si
351 1662 454 1699 nulla
473 1661 570 1698 actio
590 1673 714 1697 rerum
734 1663 994 1708 consequatur.
1042 1658 1098 1694 Ea
1117 1662 1243 1694 autem
1263 1656 1360 1694 actio
1379 1656 1416 1693 in
1434 1655 1500 1693 ho-

221 1722 364 1759 minum
385 1721 589 1759 commodis
608 1719 756 1757 tuendis
775 1719 937 1755 maxime
964 1717 1136 1754 cernitur.
1193 1717 1363 1754 Pertinet
1388 1715 1502 1766 igitur

179 1786 201 1820 9
222 1781 272 1818 ad
299 1781 516 1818 societatem
543 1779 689 1830 generis
715 1777 880 1816 humani.
935 1777 1038 1827 Ergo
1065 1777 1153 1814 haec
1178 1775 1380 1826 cognitioni
1399 1779 1501 1811 ante-

223 1840 397 1891 ponenda
416 1844 483 1877 est.
539 1840 671 1889 Atque
697 1838 736 1875 id
764 1837 928 1888 optimus
948 1836 1104 1886 quisque
1123 1848 1163 1872 re
1182 1835 1264 1886 ipsa
1283 1834 1445 1872 ostendit
1464 1839 1503 1872 et

157 1904 204 1938 10
221 1900 377 1951 judicat.
434 1899 526 1944 Quis
545 1898 644 1936 enim
669 1902 726 1935 cst
753 1902 832 1934 tam
850 1896 1009 1947 cupidus
1028 1895 1066 1932 in
1084 1894 1344 1945 perspicienda
1363 1906 1501 1945 cogno-

224 1960 436 2010 scendaque
463 1972 589 1996 rerum
615 1962 761 2002 natura,
781 1961 836 2000 ut,
857 1956 888 1994 si
906 1956 939 1994 ei
958 1955 1135 1993 tractanti
1160 1954 1504 2006 contemplantique

224 2033 283 2057 res
302 2019 512 2071 cognitione
527 2018 762 2069 dignissimas
777 2017 900 2054 subito
917 2016 964 2053 sit
978 2016 1135 2052 allatum
1154 2015 1362 2066 periculum
1377 2014 1503 2052 discri-

224 2092 388 2130 menque
416 2079 560 2129 patriae,
592 2078 652 2116 cui
679 2077 875 2114 subvenire
908 2075 1156 2127 opitularique
1184 2075 1313 2126 possit,
1342 2087 1418 2112 non
1443 2074 1505 2111 illa

226 2140 351 2177 omnia
368 2139 554 2188 relinquat
572 2142 686 2188 atque
701 2136 864 2187 abjiciat,
881 2136 994 2173 etiam
1013 2135 1044 2172 si
1063 2135 1299 2172 dinumerare
1318 2147 1358 2172 ε6
1377 2134 1504 2172 stellas

226 2204 292 2236 aut
305 2199 426 2236 metiri
439 2198 571 2235 mundi
584 2196 884 2248 magnitudinem
899 2207 1010 2246 posse
1024 2195 1254 2232 arbitretur?
1287 2195 1419 2244 Atque
1433 2195 1505 2231 hoc

162 2262 205 2298 n
226 2258 327 2297 idem
355 2259 394 2296 in
424 2257 600 2309 parentis,
623 2257 660 2293 in
691 2256 799 2293 amici
826 2268 866 2292 re
886 2259 952 2292 aut
977 2254 1144 2305 periculo
1162 2255 1304 2292 fecerit.
1361 2254 1506 2300 Quibus

227 2319 340 2357 rebus
377 2317 605 2369 intelligitur,
639 2315 772 2353 studiis
810 2315 1011 2364 officiisque
1048 2314 1212 2351 scientiae
1249 2313 1506 2365 praeponenda

228 2391 310 2417 esse
340 2379 459 2416 officia
486 2376 654 2428 justitiae,
677 2388 766 2426 quae
798 2374 989 2425 pertinent
1007 2373 1057 2411 ad
1083 2373 1279 2412 hominum
1298 2373 1505 2417 caritatem,

228 2452 305 2491 qua
322 2438 414 2476 nihil
431 2437 572 2476 homini
590 2448 672 2474 esse
691 2435 806 2473 debet
824 2433 1023 2486 antiquius
