1674 2754
562 200 676 226 LIBER
694 201 719 226 1.
776 201 863 226 eAP.
884 202 996 228 xvm.
1413 195 1461 230 25

109 284 224 330 liberi,
259 285 470 336 propinqui,
503 286 725 324 familiares:
766 287 833 324 sed
864 300 992 325 omnes
1023 288 1188 325 omnium
1220 289 1394 327 caritates

108 345 230 395 patria
256 357 332 382 una
365 346 561 396 complexa
589 351 670 383 est:
701 359 768 396 pro
788 360 863 397 qua
881 347 964 398 quis
984 348 1105 385 bonus
1126 348 1273 385 dubitet
1293 362 1391 386 mor-

107 409 184 442 tem
213 409 404 456 oppetere,
435 405 465 442 si
490 406 524 443 ei
547 406 595 443 sit
624 406 877 456 profuturus?
935 407 1018 451 Quo
1049 413 1106 444 est
1137 407 1391 445 detestabilior
1414 413 1458 446 13

106 463 263 502 istorum
289 464 511 509 immanitas,
532 466 596 515 qui
624 467 836 504 lacerarunt
861 467 962 505 omni
991 467 1130 505 scelere
1159 467 1332 518 patriam,
1354 473 1391 504 et

106 523 143 560 in
162 536 207 560 ea
225 524 394 561 funditus
415 524 575 561 delenda
594 526 768 576 occupati
797 531 835 563 et
864 531 952 563 sunt
977 532 1016 564 et
1043 527 1206 564 fuerunt.
1263 528 1341 564 Sed
1361 528 1391 565 si
1413 532 1458 565 14

106 584 294 621 contentio
313 584 488 634 quaedam
517 589 554 621 et
583 586 814 635 comparatio
844 587 919 630 fiat,
941 587 1076 637 quibus
1105 587 1307 637 plurimum
1326 587 1389 624 tri-

107 642 300 680 buendum
319 643 367 680 sit
385 643 504 687 officii,
527 643 713 694 principes
733 645 805 682 sint
825 645 947 696 patria
965 650 1004 682 et
1022 651 1208 696 parentes,
1230 659 1388 696 quorum

106 703 291 741 beneficiis
318 703 489 740 maximis
517 704 673 755 obligati
699 717 850 742 sumus:
896 705 1055 756 proximi
1086 705 1203 750 liberi,
1235 710 1389 756 totaque

105 762 252 807 domus,
273 776 360 813 quae
392 768 540 813 spectat
567 763 602 800 in
630 777 698 800 nos
731 765 842 809 solos,
861 778 983 815 neque
1003 765 1105 802 aliud
1123 766 1244 803 ullum
1263 770 1390 816 potest

105 823 243 860 habere
277 823 516 874 perfugium:
546 823 725 874 deinceps
758 825 853 862 bene
883 826 1144 863 convenientes
1177 825 1386 876 propinqui,

105 882 329 933 quibuscum
347 882 555 920 communis
577 883 689 920 etiam
720 884 871 920 fortuna
901 885 1120 935 plerumque
1141 890 1209 922 est.
1266 886 1389 930 Quam
1411 889 1456 924 15

105 943 154 980 ob
181 955 262 979 rem
289 942 497 979 necessaria
526 943 705 992 praesidia
723 943 811 980 vitae
830 944 1016 981 debentur
1034 945 1077 981 iis
1102 945 1273 989 maxime,
1294 957 1388 995 quos

104 1006 191 1039 ante
220 1002 319 1039 dixi:
348 1001 426 1038 vita
452 1006 581 1039 autem
600 1002 797 1053 victusque
827 1004 1045 1048 communis,
1067 1004 1227 1048 consilia,
1249 1017 1387 1042 sermo-

105 1074 181 1105 nes,
203 1061 491 1105 cohortationes,
513 1062 796 1106 consolationes,
817 1063 1006 1100 interdum
1025 1064 1138 1101 etiam
1157 1064 1388 1115 objurgatio-

103 1134 170 1158 nes
188 1121 226 1158 in
244 1121 411 1158 amicitiis
431 1121 560 1171 vigent
578 1123 760 1159 maxime:
790 1128 924 1172 estque
944 1136 987 1160 ea
1003 1124 1277 1174 jucundissima
1296 1124 1386 1162 ami-

103 1180 201 1224 citia,
221 1193 334 1231 quam
354 1180 557 1218 similitudo
576 1194 725 1218 morum
744 1182 972 1233 conjugavit.

155 1300 304 1338 XVIII.
334 1299 412 1337 Sed
425 1299 463 1336 in
476 1299 534 1337 his
547 1301 719 1338 omnibus
731 1301 858 1339 officiis
871 1303 1077 1340 tribuendis
1089 1303 1293 1341 videndum
1307 1304 1387 1348 erit,

102 1361 193 1411 quid
223 1360 356 1411 cuique
386 1359 548 1397 maxime
579 1373 732 1398 necesse
765 1362 823 1406 sit,
851 1367 890 1399 et
917 1363 1007 1413 quid
1038 1363 1195 1413 quisque
1223 1365 1282 1401 vel
1311 1364 1388 1401 sine

103 1420 209 1458 nobis
241 1425 307 1457 aut
341 1419 459 1470 possit
489 1421 676 1471 consequi,
697 1426 764 1458 aut
795 1435 871 1459 non
900 1423 1028 1473 possit.
1086 1424 1147 1460 Ita
1174 1436 1248 1460 non
1275 1424 1387 1461 iidem
1409 1429 1430 1462 2

103 1485 212 1517 crunt
231 1479 548 1518 necessitudinum
567 1481 721 1531 gradus,
738 1482 803 1531 qui
821 1486 1056 1532 temporum;
1076 1488 1237 1533 suntque
1257 1484 1388 1528 officia,

103 1553 188 1591 quae
223 1540 302 1577 aliis
334 1541 467 1590 magis
499 1553 614 1591 quam
645 1541 724 1578 aliis
758 1541 991 1579 debeantur:
1022 1547 1064 1579 ut
1092 1543 1253 1580 vicinum
1282 1544 1388 1581 citius

103 1599 293 1651 adjuveris
325 1599 363 1636 in
391 1600 576 1638 fructibus
607 1600 866 1650 percipiendis,
888 1613 1001 1650 quam
1030 1606 1097 1638 aut
1127 1602 1293 1646 fratrem,
1323 1608 1390 1640 aut

106 1659 335 1702 familiarem,
365 1665 415 1703 at,
448 1660 479 1698 si
511 1660 554 1697 lis
587 1660 624 1697 in
652 1660 793 1710 judicic
823 1660 882 1704 sit,
914 1661 1165 1711 propinquum
1197 1663 1322 1712 potius
1351 1667 1390 1700 et

103 1719 278 1763 amicum,
298 1731 412 1769 quam
430 1719 593 1758 vicinum
611 1719 832 1757 defenderis.

156 1778 255 1817 Haec
283 1778 399 1829 igitur
425 1783 465 1817 et
491 1779 579 1816 talia
608 1779 944 1830 circumspicienda
963 1784 1051 1817 sunt
1078 1780 1116 1817 in
1135 1781 1235 1818 omni
1253 1781 1386 1826 officio,
1409 1787 1431 1819 3

107 1843 143 1876 et
161 1838 395 1876 consuetudo
414 1839 706 1890 exercitatioque
726 1840 920 1890 capienda,
938 1845 981 1877 ut
1000 1840 1088 1878 boni
1107 1841 1388 1879 ratiocinatores

105 1899 309 1937 officiorum
337 1912 418 1937 esse
448 1900 644 1951 possimus,
666 1905 704 1938 et
723 1900 898 1938 addendo
929 1901 1230 1952 deducendoque
1250 1903 1388 1947 videre,

104 1972 191 2010 quae
221 1959 351 2010 reliqui
377 1973 525 1998 summa
544 1960 631 1998 fiat:
662 1973 709 1997 ex
727 1973 813 2010 quo,
836 1965 1019 2011 quantum
1039 1961 1172 2012 cuique
1192 1962 1386 2007 debeatur,

105 2019 305 2071 intelligas
361 2019 439 2058 Sed
457 2025 502 2057 ut
520 2033 588 2058 nec
615 2020 751 2057 medici
768 2033 836 2057 nec
856 2021 1100 2071 imperatores
1120 2034 1189 2059 nec
1209 2028 1388 2067 oratores,
1409 2027 1432 2062 4

105 2079 273 2130 quamvis
293 2079 382 2117 artis
411 2085 604 2130 praecepta
633 2080 879 2131 perceperint,
901 2081 1101 2131 quicquam
1121 2094 1258 2133 magna
1276 2083 1388 2120 laude

107 2139 266 2190 dignum
285 2139 363 2177 sine
384 2152 456 2177 usu
474 2144 514 2177 et
533 2140 795 2178 exercitatione
811 2141 988 2191 consequi
1009 2146 1187 2191 possunt:
1209 2142 1260 2179 sic
1280 2143 1388 2180 officii

106 2198 348 2236 conservandi
368 2205 560 2250 praecepta
579 2199 782 2237 traduntur
800 2200 863 2237 illa
881 2201 1043 2250 quidem,
1061 2206 1103 2238 ut
1117 2201 1274 2238 facimus
1294 2202 1363 2252 ipsi
1379 2216 1386 2246 ;

106 2258 172 2296 sed
191 2258 244 2295 rei
261 2259 482 2310 magnitudo
498 2273 608 2296 usum
623 2273 774 2310 quoque
794 2261 1170 2311 exercitationemque
1186 2261 1385 2299 desiderat.

106 2318 236 2368 Atque
268 2318 316 2355 ab
349 2318 392 2354 iis
422 2319 547 2363 rebus,
569 2331 653 2370 quae
681 2325 770 2356 sunt
802 2320 838 2357 iu
865 2320 950 2371 jure
979 2321 1167 2358 societatis
1195 2321 1386 2365 humanae,
1409 2327 1428 2359 5

105 2377 424 2428 quemadmodum
438 2377 598 2416 ducatur
616 2379 828 2424 honestum,
844 2393 890 2417 ex
905 2393 980 2431 quo
994 2384 1127 2432 aptum
1141 2385 1200 2418 est
1213 2380 1386 2425 officium,

105 2436 195 2476 satis
212 2436 291 2475 fere
309 2436 480 2475 diximus.
738 2489 762 2527 3
