1674 2754
558 209 671 236 LIBER
689 209 747 235 111.
804 209 892 235 CAP.
914 211 1016 234 xxm.
1392 198 1464 238 117

120 301 349 349 quamquam
376 296 425 335 ab
453 295 568 347 impio
596 309 686 348 rege
705 296 851 340 dicitur,
872 296 1062 334 luculente
1093 301 1220 334 tamen
1247 297 1394 336 dicitur.

118 356 282 394 Addunt
312 356 436 400 etiam,
470 356 791 407 quemadmodum
827 369 894 393 nos
931 356 1112 400 dicamus,
1147 357 1264 394 videri
1292 370 1395 408 quae-
1418 362 1440 396 8

117 416 206 454 dam
224 416 340 461 utilia,
361 428 447 467 quae
475 429 550 454 non
577 417 670 454 sint:
699 416 751 454 sic
771 429 810 454 se
830 416 965 460 dicere,
987 416 1104 453 videri
1123 416 1300 466 quaedam
1329 418 1395 454 ho-

116 481 234 521 nesta,
254 489 340 527 quae
369 489 445 514 non
471 477 566 514 sint:
595 482 639 514 ut
656 477 729 514 1100
756 476 881 527 ipsum
900 476 1050 514 videtur
1076 477 1289 520 honestum,
1311 489 1397 513 con-

116 536 289 574 servandi
314 536 409 587 juris
435 536 586 587 jurandi
605 549 720 574 causa
737 537 786 574 ad
806 536 1014 574 cruciatum
1041 536 1250 580 revertisse,
1272 536 1339 573 sed
1357 536 1400 573 fit

115 608 190 634 non
221 596 446 641 honestum
475 596 572 647 quia,
605 596 707 647 quod
736 595 804 647 per
830 596 906 634 vim
936 597 1102 634 hostium
1131 600 1231 634 esset
1259 601 1397 640 actum,

115 661 241 693 ratum
259 668 341 693 esse
360 669 435 693 non
454 656 596 694 debuit.
651 656 816 694 Addunt
835 657 960 702 etiam,
981 656 1159 708 quicquid
1179 656 1289 694 valde
1308 656 1399 694 utile
1422 660 1443 694 9

117 715 174 760 sit,
208 715 247 753 id
276 716 355 754 fieri
384 716 596 761 honestum,
631 716 777 754 etiamsi
805 722 916 754 antea
943 730 1018 754 non
1048 717 1249 756 videretur.
1306 718 1399 755 Haec
1419 722 1470 755 210

115 776 193 813 fere
213 780 342 813 contra
360 775 563 828 Regulum.
620 775 696 814 Sed
717 776 838 827 prima
857 777 1061 815 videamus

169 881 309 919 XXIX.
331 881 369 919 N
371 894 418 919 on
430 881 501 919 fuit
513 881 537 920 J
539 881 691 932 uppiter
701 882 940 926 metuendus,
954 895 1002 920 nc
1016 882 1133 920 iratus
1145 893 1297 922 noceret
1311 896 1318 921 τ
1340 883 1403 934 qui

117 954 236 992 neque
255 942 364 980 irasci
378 941 483 986 solet,
497 955 566 979 nec
585 955 728 979 nocere.
787 942 884 980 Haec
900 942 1052 993 quidem
1071 943 1166 981 ratio
1185 956 1260 981 non
1278 944 1402 995 magis
1425 948 1445 981 2

117 1007 248 1039 contra
267 1002 416 1053 Reguli,
437 1015 551 1052 quam
572 1006 701 1039 contra
720 1015 830 1040 omne
854 1003 917 1053 jus
934 1003 1140 1053 jurandum
1159 1003 1270 1042 valet.
1327 1003 1404 1042 Sed
1425 1010 1446 1041 3

117 1062 154 1098 in
179 1062 264 1112 jure
290 1061 466 1113 jurando,
487 1075 562 1099 non
591 1062 654 1112 qui
686 1067 821 1107 metus,
843 1063 911 1100 sed
939 1076 1024 1114 quae
1044 1063 1098 1101 vis
1129 1063 1187 1108 sit,
1209 1064 1324 1102 debet
1351 1064 1404 1102 in·

117 1121 245 1173 telligi.
301 1122 370 1159 Est
398 1122 495 1159 enim
520 1122 583 1172 jus
609 1122 815 1172 jurandum
837 1122 1033 1160 affirmatio
1053 1124 1234 1174 religiosa.
1293 1123 1404 1169 Quod
1426 1127 1449 1160 4

117 1189 245 1219 autem
276 1182 469 1225 affirmate,
500 1181 606 1232 quasi
633 1182 705 1219 deo
731 1186 838 1226 teste,
879 1183 1102 1232 promiseris,
1132 1183 1170 1220 id
1202 1184 1407 1221 tenendum

117 1247 186 1280 est,
241 1241 265 1280 J
268 1254 330 1279 am
349 1241 446 1279 enim
465 1254 540 1278 non
567 1241 616 1278 ad
643 1241 736 1279 iram
756 1242 924 1287 deorum,
947 1256 1032 1294 quae
1053 1244 1156 1280 nulla
1175 1248 1243 1288 est,
1269 1243 1336 1281 sed
1356 1244 1405 1281 ad

114 1301 298 1354 justitiam
317 1306 356 1339 et
373 1301 423 1339 ad
442 1301 557 1339 fidem
577 1301 750 1353 pertinet.
807 1302 908 1340 Nam
929 1303 1110 1354 praeclare
1130 1304 1293 1341 Ennius:
1425 1310 1446 1342 5

231 1369 262 1407 O
281 1369 394 1406 Fides
412 1369 525 1413 alma,
545 1374 636 1418 apta
647 1369 788 1418 pinnis,
809 1375 842 1406 et
860 1369 935 1408 Jus
944 1370 1159 1419 jurandum
1182 1371 1300 1409 Jovis.

119 1444 193 1490 Qui
224 1443 296 1482 Jus
327 1443 442 1494 igitur
470 1443 677 1494 jurandum
705 1444 830 1488 violat,
852 1444 882 1481 is
912 1444 1047 1482 Fidem
1077 1445 1202 1489 violat,
1224 1459 1338 1496 quam
1371 1446 1408 1483 in

121 1503 307 1555 Capitolio
325 1502 484 1541 vicinam
511 1503 615 1541 Jovis
636 1503 779 1554 Optimi
812 1504 977 1548 Maximi,
999 1509 1042 1542 ut
1074 1505 1112 1542 in
1145 1506 1298 1543 Catonis
1327 1519 1407 1543 ora-

122 1565 220 1602 tione
240 1568 310 1608 est,
329 1562 494 1613 majores
513 1563 631 1600 nostri
652 1575 734 1601 esse
752 1563 965 1602 voluerunt<

174 1624 231 1661 At
249 1623 347 1661 enim
365 1635 412 1660 ne
431 1622 548 1660 iratus
567 1623 720 1674 quidem
733 1624 757 1662 J
761 1624 913 1674 uppitcr
932 1625 1018 1676 plus
1042 1625 1192 1676 Regulo
1211 1625 1410 1670 nocuisset,
1432 1630 1453 1663 6

121 1697 235 1735 quam
256 1683 328 1722 sibi
345 1683 472 1721 nocuit
490 1683 571 1734 ipse
586 1684 769 1734 Regulus.
828 1684 952 1728 Certe,
974 1685 1004 1722 si
1023 1685 1114 1723 nihil
1133 1685 1276 1723 malum
1295 1690 1406 1731 esset,
1430 1685 1451 1724 7

121 1744 190 1782 nisi
209 1744 348 1782 dolere.
406 1743 454 1781 Id
482 1748 610 1781 autem
637 1757 711 1781 non
738 1744 851 1782 modo
879 1757 1070 1782 summum
1100 1746 1254 1787 malum.
1275 1746 1343 1783 sed
1362 1759 1409 1783 ne

121 1804 264 1842 malum
278 1803 431 1855 quidem
447 1816 540 1848 esse,
557 1804 721 1841 maxima
737 1805 961 1842 auctoritate
982 1805 1198 1856 philosophi
1213 1806 1408 1843 affirmant.

123 1865 292 1910 Quorum
311 1863 465 1915 quidem
493 1868 632 1902 testem
661 1877 737 1902 non
769 1865 1010 1910 mediocrem,
1031 1865 1099 1903 sed
1127 1866 1231 1904 haud
1258 1866 1334 1904 scio
1363 1879 1410 1903 an
1432 1871 1453 1904 8

122 1924 396 1977 gravissimum,
427 1924 632 1975 Regulum,
664 1925 792 1970 nolite,
825 1938 970 1976 quaeso,
1007 1926 1231 1977 vituperare.
1288 1927 1410 1971 Quem
1432 1931 1453 1964 9

123 1984 221 2024 enim
248 1984 532 2036 locupletiorem
552 1985 771 2036 quaerimuS,
802 1998 916 2036 quam
945 1986 1151 2037 principem
1180 1987 1311 2037 populi
1339 1987 1416 2024 Ro-

124 2044 235 2089 mani,
256 2044 321 2095 qui
347 2045 530 2082 retinendi
559 2045 669 2083 officii
697 2058 812 2084 causa
831 2046 1039 2084 cruciatum
1068 2047 1223 2085 subierit
1242 2047 1412 2085 volunta-

126 2103 262 2142 tanum
275 2105 293 2142 ‘2
348 2104 449 2142 Nam
468 2105 572 2155 quod
592 2105 707 2150 aiunt,
724 2106 879 2144 Minima
898 2106 946 2144 de
965 2107 1072 2144 malis
1087 2120 1095 2151 ;
1124 2107 1162 2144 id
1183 2113 1251 2152 est,
1272 2112 1317 2145 ut
1334 2112 1414 2145 tur·
1437 2111 1485 2145 10

127 2164 223 2215 piter
242 2163 377 2214 potius,
397 2177 512 2215 quam
532 2165 771 2204 calamitose:
802 2179 850 2204 an
881 2172 939 2204 cst
968 2167 1089 2205 ullum
1119 2167 1242 2218 majus
1272 2167 1416 2205 malum

127 2223 388 2274 turpitudine?
445 2225 541 2270 Quae
562 2225 593 2263 si
611 2225 647 2263 in
667 2225 907 2264 deformitate
936 2227 1103 2272 corporis
1131 2227 1248 2265 habet
1276 2227 1416 2277 aliquid

125 2283 348 2327 offensionis,
368 2289 508 2334 quanta
527 2285 590 2322 illa
609 2285 829 2336 depravatio
849 2295 887 2324 et
906 2287 1060 2326 foeditas
1080 2286 1284 2337 turpificati
1303 2286 1415 2323 animi

126 2343 242 2382 debet
260 2342 406 2380 videri?
462 2343 593 2395 Itaque
611 2346 803 2384 nervosius
822 2346 886 2397 qui
905 2347 977 2384 ista
992 2347 1192 2390 disserunt,
1210 2346 1333 2383 solum
1348 2358 1414 2382 au·
1438 2349 1484 2383 11

125 2402 219 2442 dent
236 2402 380 2440 malum
397 2402 521 2441 dicere
540 2404 591 2449 id,
611 2405 714 2456 quod
733 2410 846 2456 turpe
865 2406 934 2444 sit:
965 2407 1028 2457 qui
1057 2411 1185 2444 autem
1216 2404 1418 2450 remissius,

126 2462 168 2502 hi
185 2467 312 2502 tamen
330 2474 405 2500 non
423 2461 598 2502 dubitant
615 2477 807 2503 summum
825 2466 967 2503 malum
987 2466 1121 2503 dicere.
