1674 2754
120 193 192 226 108
666 201 714 224 DE
744 200 912 224 ori-mus

142 290 165 323 4
186 287 249 337 qui
267 286 483 330 admiratur,
504 286 534 323 is
553 299 604 330 se,
625 286 716 336 quid
735 286 782 322 sit
801 285 855 321 vir
874 285 1005 327 bonus,
1026 284 1168 320 nescire
1185 284 1358 321 fateatur.
1406 284 1460 320 At

185 358 274 383 vero
301 346 332 383 si
350 345 432 396 quis
449 345 608 382 voluerit
635 345 745 382 animi
772 344 829 381 sui
856 344 1118 393 complicatam
1145 343 1334 380 notionem
1361 342 1462 380 evol·

184 418 281 449 vere,
298 405 378 456 jam
406 418 446 442 se
473 405 553 455 ipse
572 405 717 448 doceat,
738 417 824 442 eum
853 404 973 440 virum
1002 404 1142 440 bonum
1171 415 1264 447 esse,
1286 403 1350 453 qui
1376 416 1458 454 pro·

185 465 242 508 sit,
277 465 410 516 quibus
442 465 559 515 possit
575 477 583 508 ;
625 469 759 501 noceat
795 463 943 506 nemini,
978 463 1046 499 nisi
1082 462 1278 499 lacessitus
1315 463 1462 514 injuria.

141 531 162 563 5
185 525 284 570 Quid
304 525 428 575 ergo?
457 524 516 561 hic
538 537 613 561 non
637 528 780 566 noceat,
802 523 865 573 qui
885 522 1049 572 quodam
1069 521 1175 572 quasi
1193 534 1335 559 veneno
1355 523 1462 572 perfi-

184 585 268 629 ciat,
284 590 328 622 ut
342 597 449 621 veros
468 584 627 621 heredes
646 587 804 626 moveat,
821 583 858 619 in
877 595 1005 619 eorum
1023 582 1148 618 locum
1166 581 1246 631 ipse
1261 581 1462 619 succedat?

140 648 162 681 6
183 644 271 682 Non
288 644 401 696 igitur
418 644 542 687 faciat,
559 643 692 680 dixerit
711 642 804 692 quis,
825 642 927 692 quod
946 641 1036 678 utile
1056 641 1114 685 sit,
1137 640 1238 690 quod
1259 641 1462 691 expediat?

183 705 306 741 Immo
333 703 526 754 intelligat,
548 703 638 740 nihil
657 715 725 739 nec
746 702 933 751 expedire,
953 714 1021 738 nec
1050 701 1140 738 utile
1170 699 1262 743 esse,
1285 700 1385 750 quod
1415 701 1461 737 sit

182 763 376 813 injustum.
432 763 516 800 Hoc
544 762 608 812 qui
639 775 713 799 non
741 761 922 805 didicerit,
957 762 1078 798 bonus
1106 760 1161 797 vir
1188 772 1269 797 esse
1297 772 1372 796 non
1400 773 1465 810 po-

141 822 162 859 7
183 822 280 859 terit.
336 822 538 859 Fimbriam
558 821 792 858 consularem
811 821 1010 858 audiebam
1029 820 1076 857 de
1096 825 1202 870 patre
1221 824 1349 857 nostro
1369 832 1464 870 puer

179 881 347 932 judicem
374 881 426 918 M.
447 880 599 917 Lutatio
624 880 786 917 Pinthiae
806 880 931 923 fuisse,
953 880 1068 929 equiti
1096 880 1268 916 Romano
1288 892 1376 916 sane
1396 879 1459 916 ho-

183 945 301 984 nesto,
324 953 412 977 cum
430 940 460 977 is
480 940 718 990 sponsionem
737 939 895 982 fecisset,
926 952 975 976 NI
1002 952 1083 976 vm
1110 951 1265 976 BONUS
1294 951 1459 981 Essiam

183 1001 308 1051 itaque
328 1000 361 1037 ei
380 1000 515 1037 dixisse
535 999 748 1042 Fimbriam,
770 1011 809 1036 se
835 999 936 1035 illam
964 1011 1043 1035 rem
1067 1011 1259 1048 nunquam
1275 997 1464 1049 judicatu-

183 1073 266 1097 rum
282 1073 290 1104 ;
319 1073 366 1097 ne
394 1064 459 1096 aut
490 1059 666 1110 spoliaret
694 1059 796 1096 fama
825 1059 1027 1108 probatum
1055 1058 1257 1102 hominem,
1278 1057 1308 1094 si
1335 1062 1466 1095 contra

180 1118 450 1171 judicavisset;
480 1124 546 1156 aut
574 1118 748 1156 statuisse
767 1118 968 1161 videretur,
990 1118 1111 1154 virum
1136 1118 1277 1155 bonum
1303 1130 1384 1154 esse
1404 1117 1466 1154 ali-

183 1192 306 1230 quem,
328 1192 415 1216 cum
443 1191 487 1215 ea
514 1192 572 1215 res
600 1178 929 1215 innumerabilibus
950 1178 1076 1214 officiis
1096 1181 1134 1213 et
1152 1176 1327 1214 laudibus
1350 1177 1466 1213 conti-

141 1244 163 1277 8
183 1244 345 1276 neretur.
402 1238 500 1275 Huic
532 1238 646 1289 igitur
673 1238 750 1274 viro
779 1238 887 1280 bono,
910 1249 1022 1286 quem
1049 1236 1213 1273 Fimbria
1242 1235 1367 1279 etiam,
1389 1248 1464 1272 non

183 1299 297 1336 modo
317 1298 492 1335 Socrates
517 1302 684 1341 noverat,
705 1297 808 1334 nullo
835 1296 949 1333 modo
970 1296 1087 1333 videri
1117 1300 1242 1346 potest
1262 1295 1467 1345 quicquam

142 1363 163 1396 9
184 1371 267 1396 esse
285 1358 387 1401 utile,
400 1357 501 1407 quod
521 1370 594 1394 non
614 1357 815 1394 honestum
835 1357 892 1393 sit.
936 1356 1071 1405 Itaque
1090 1355 1174 1392 talis
1189 1355 1244 1391 vir
1262 1368 1336 1391 non
1354 1354 1468 1391 modo

183 1419 318 1461 facere,
340 1417 407 1454 sed
427 1430 473 1454 ne
495 1417 661 1467 cogitare
681 1416 833 1466 quidem
853 1416 1052 1465 quicquam
1078 1414 1245 1457 audebit,
1266 1413 1367 1463 quod
1394 1426 1468 1450 non

117 1482 164 1516 10
185 1477 323 1514 audeat
342 1476 563 1526 praedicare.
611 1476 708 1513 Haec
724 1488 797 1512 non
817 1480 928 1525 turpe
948 1479 1005 1511 est
1021 1466 1193 1511 dubitare
1213 1473 1466 1523 philosophos,

185 1551 270 1588 quae
305 1550 351 1575 ne
380 1536 509 1574 rustici
536 1536 688 1586 quidem
721 1535 926 1573 dubitent?
960 1547 982 1571 a
1010 1534 1146 1584 quibus
1173 1539 1305 1570 natum
1333 1538 1391 1570 est
1417 1533 1467 1577 id,

185 1597 287 1647 quod
317 1597 397 1647 jam
426 1596 628 1634 contritum
655 1600 713 1632 est
743 1600 930 1632 vetustate
959 1594 1223 1645 proverbium:
1259 1607 1344 1630 cum
1373 1592 1470 1630 enirn

185 1657 300 1694 fidem
327 1657 486 1707 alicujus
514 1656 796 1705 bonitatemque
824 1655 992 1698 laudant,
1023 1654 1179 1704 dignum
1213 1665 1294 1690 esse
1328 1652 1468 1696 dicunt,

119 1721 164 1755 11
187 1717 339 1767 quicum
358 1717 396 1754 in
414 1715 578 1753 tenebris
597 1715 722 1752 mices,
780 1714 863 1751 Hoc
883 1727 996 1764 quam
1016 1714 1132 1750 habet
1151 1713 1238 1756 vim,
1260 1712 1329 1749 nisi
1354 1712 1468 1755 inam,

186 1776 277 1813 nihil
305 1776 492 1827 expedire,
514 1775 616 1825 quod
644 1787 719 1811 non
748 1774 890 1817 deceat,
913 1773 1056 1810 etiamsi
1083 1772 1122 1809 id
1150 1772 1270 1822 possis
1289 1771 1392 1808 nullo
1411 1784 1468 1808 re-

121 1841 166 1874 12
187 1836 338 1873 fellente
367 1835 534 1872 obtinere
547 1837 565 1871 ‘3
621 1834 797 1877 Videsne,
819 1834 891 1870 hoc
920 1832 1118 1883 proverbio
1145 1844 1266 1882 neque
1289 1831 1392 1881 Gygi
1419 1831 1469 1867 illi

188 1908 299 1946 posse
327 1895 473 1932 veniam
493 1894 585 1938 dari,v
613 1906 734 1944 neque
761 1893 860 1936 huic,
883 1905 996 1943 quem
1024 1892 1139 1942 paulo
1167 1896 1252 1928 ante
1280 1890 1469 1941 fingebam

189 1956 394 2007 digitorum
416 1955 653 2006 percussione
672 1954 900 1991 hereditates
915 1953 1078 1990 omnium
1098 1965 1208 2003 posse
1224 1952 1469 1989 converrere?

188 2016 245 2054 Ut
273 2015 380 2059 enim,
402 2015 505 2065 quod
534 2019 644 2064 turpe
664 2019 732 2058 est,
753 2013 791 2050 id
818 2013 988 2064 quamvis
1016 2012 1237 2055 occultetur,
1259 2016 1385 2048 tamen
1403 2011 1468 2047 ho-

188 2079 338 2112 nestum
358 2075 436 2111 fieri
454 2074 558 2111 nullo
573 2074 688 2111 modo
708 2078 834 2124 potest
850 2085 857 2110 ι
887 2073 951 2116 sic,
967 2072 1069 2122 quod
1088 2072 1289 2108 honestum
1307 2083 1380 2107 non
1400 2075 1469 2113 est,

188 2135 228 2173 id
254 2135 346 2172 utile
374 2139 418 2172 ut
445 2134 503 2178 sit,
531 2134 625 2171 effici
651 2146 726 2170 non
753 2138 890 2183 potest,
920 2132 1142 2169 adversante
1171 2135 1208 2168 et
1236 2134 1470 2181 repugnante

190 2199 338 2233 natura.

243 2314 325 2351 XX.
355 2313 412 2350 At
431 2313 540 2358 enim,
557 2325 643 2350 cum
662 2323 869 2362 permagna
888 2309 1045 2361 praemia
1063 2314 1161 2354 sunt,
1178 2314 1236 2346 est
1255 2320 1367 2346 causa
1385 2319 1471 2358 peo-

191 2374 311 2411 candi.
351 2374 392 2411 O.
410 2373 550 2410 Marius
566 2386 652 2410 cum
671 2385 694 2408 a
712 2384 780 2422 spe
795 2371 1009 2408 consulatus
1027 2370 1139 2420 longe
1160 2370 1320 2412 abesset,
1337 2372 1376 2405 et
1391 2367 1471 2418 jam

191 2433 396 2484 septimum
423 2446 564 2471 annum
592 2436 680 2483 post
711 2436 920 2483 praeturam
944 2430 1100 2482 jaceret,
1128 2441 1253 2479 neque
1285 2427 1470 2478 petiturus
