1674 2754
578 170 690 194 nissssa
709 171 733 194 1.
791 170 878 195 CAP.
900 171 1002 196 xxxi,
1426 164 1468 197 41

112 256 274 307 quidem,
296 256 571 294 severissimum
590 256 916 306 philosophorum,
937 257 986 293 ob
1006 269 1164 308 eamque
1184 271 1262 295 rem
1282 258 1404 309 ipsam

111 328 292 368 magnum
312 320 351 354 et
379 316 522 354 clarum
549 317 675 354 fuisse.
732 316 1029 354 Innumerabiles
1058 317 1141 355 aliae
1176 318 1403 355 dissimilitu—
1427 319 1469 357 17

111 376 217 414 dines
254 381 343 414 sunt
379 382 527 414 naturae
563 389 798 427 morumque,
837 376 987 414 minime
1025 382 1152 415 tamen
1189 378 1402 428 vituperan-

110 436 258 474 dorum.

160 556 304 594 XXXI.
325 556 551 594 Admodum
569 561 696 594 autem
716 556 879 597 tenenda
899 561 987 594 sunt
1005 570 1075 594 sua
1091 557 1236 608 cuique,
1257 571 1332 595 non
1353 557 1403 595 vi-

108 615 214 660 tiosa,
226 616 294 654 sed
309 621 435 654 tamen
449 617 612 668 propria,
627 629 702 667 quo
717 616 860 654 facilius
874 617 1053 655 decorum
1064 618 1168 662 illud,
1183 618 1286 669 quod
1299 631 1401 669 quae-

107 675 234 720 rimus,
254 677 470 715 retineatur.
527 677 590 715 Sic
621 677 719 714 enim
748 682 806 714 est
836 677 1062 722 faciendum,
1093 683 1136 715 ut
1164 683 1294 716 contra
1322 679 1401 715 uni·
1424 683 1444 716 ‘2

107 749 255 774 versam
287 742 463 774 naturam
495 737 591 774 nihil
625 737 910 781 contendamus,
941 750 985 775 ea
1014 743 1141 775 tamen
1169 744 1400 784 conservata,

106 797 298 848 propriam
325 802 502 835 naturam
531 811 761 849 sequamur;
790 803 845 842 ut,
868 798 1014 836 etiamsi
1033 799 1106 836 sint
1125 799 1197 836 alia
1217 799 1400 850 graviora,

105 861 232 894 tamen
263 870 332 895 nos
365 857 491 895 studia
523 863 651 896 nostra
682 863 821 896 nostrae
851 864 998 896 naturae
1028 860 1160 910 regula
1188 860 1398 897 metiamur.

106 916 242 968 Neque
261 918 360 956 enim
388 919 523 956 attinet
550 923 696 956 naturae
719 931 944 969 repugnare,
966 932 1034 956 nec
1063 920 1264 970 quicquam
1283 920 1399 970 sequi,
1421 925 1442 957 3

106 978 209 1028 quod
239 978 389 1029 assequi
418 991 494 1016 non
523 977 737 1030 queas,0(ex
765 992 840 1028 quo
868 979 990 1030 magis
1020 980 1190 1031 emergit,
1212 981 1324 1030 quale
1353 980 1401 1017 sit

106 1037 286 1092 decorum
323 1038 446 1090 illud‚)
480 1039 577 1083 ideo,
611 1039 699 1090 quia
731 1039 821 1076 nihil
856 1039 966 1076 decet
999 1040 1114 1077 invita
1146 1041 1326 1085 Minerva,
1357 1046 1401 1078 ut

105 1098 220 1143 aiunt,
241 1099 279 1136 id
306 1104 375 1143 est,
396 1099 619 1136 adversante
648 1104 686 1136 et
713 1104 950 1150 repugnante
978 1104 1123 1138 natura.
1181 1100 1341 1138 Omnino
1369 1101 1400 1138 si
1419 1105 1441 1138 4

104 1158 306 1209 quicquam
325 1164 383 1196 est
403 1159 594 1203 decorum,
612 1159 703 1196 nihil
723 1165 781 1196 est
803 1160 974 1210 profecto
989 1160 1122 1211 magis,
1136 1173 1251 1211 quam
1271 1174 1399 1212 aequa-

104 1208 434 1257 bilitas’h‘ffiversae
455 1219 556 1264 vitae,
577 1224 659 1257 tum
681 1220 914 1271 singularum
934 1220 1147 1265 actionum;
1177 1234 1292 1271 quam
1312 1233 1397 1259 con-

105 1291 254 1317 servare
273 1292 349 1317 non
368 1280 501 1331 possis,
521 1280 551 1317 si
571 1280 728 1317 aliorum
747 1285 920 1317 naturam
939 1280 1087 1318 imitans
1107 1281 1259 1318 omittas
1279 1286 1396 1320 tuam.

103 1338 160 1376 Ut
189 1339 288 1377 enim
317 1340 488 1378 sermone
517 1353 562 1378 eo
591 1340 774 1378 debemus
802 1341 868 1385 uti,
890 1341 954 1391 qui
981 1346 1092 1378 natus
1122 1347 1179 1379 est
1198 1342 1316 1386 nobis,
1338 1355 1396 1387 ne,
1418 1349 1441 1381 5

105 1404 148 1436 ut
167 1399 333 1450 quidam,
357 1400 493 1438 Graeca
511 1401 628 1438 verba
647 1401 878 1438 inculcantes
903 1402 990 1452 jure
1018 1402 1162 1452 optimo
1181 1401 1371 1440 rideamur
1388 1415 1396 1440 ι

104 1459 212 1498 sicin
231 1460 396 1498 actiones
424 1473 650 1511 omnemque
669 1461 785 1498 vitam
813 1462 957 1499 nullam
986 1462 1279 1513 discrepantiam
1310 1476 1396 1500 con-

103 1519 200 1557 ferre
216 1510 411 1558 debdmus.
454 1521 586 1571 Atque
601 1521 688 1559 haec
703 1521 912 1558 differentia
927 1527 1147 1559 naturarum
1166 1527 1312 1560 tantam
1331 1524 1395 1560 ha-
1418 1528 1440 1562 6

104 1580 170 1617 bet
189 1580 275 1624 vim,
296 1585 339 1617 ut
358 1593 625 1631 nonnunquam
654 1586 817 1618 mortem
848 1581 917 1618 sibi
944 1582 1025 1631 ipse
1054 1582 1283 1620 consciscere
1303 1583 1397 1620 alius

105 1639 254 1684 debeat,
277 1640 371 1677 alius
391 1640 426 1677 in
447 1640 580 1678 elidem
609 1653 723 1678 causa
750 1653 824 1678 non
856 1641 1006 1679 debeat.
1063 1642 1167 1679 Num
1200 1643 1298 1680 enim
1325 1644 1397 1681 alia
1419 1645 1438 1682 7

103 1699 141 1736 in
169 1712 282 1738 causa
309 1700 360 1737 M.
391 1701 487 1738 Cato
515 1701 596 1744 suit,
626 1701 698 1738 alia
726 1701 851 1745 ceteri,
871 1701 935 1752 qui
963 1715 1003 1739 se
1031 1702 1068 1739 in
1096 1703 1229 1740 Africa
1257 1704 1395 1742 Caesari

105 1759 369 1798 tradiderunt?
425 1760 546 1811 Atqui
575 1761 709 1798 ceteris
738 1761 894 1798 forsitan
913 1762 1001 1799 vitio
1022 1762 1156 1800 datum
1176 1768 1286 1808 esset,
1308 1765 1338 1802 si
1357 1777 1395 1802 se

104 1820 386 1865 interemissent,
420 1825 622 1872 propterea
655 1821 758 1871 quod
792 1821 910 1859 lenior
942 1835 1073 1860 corum
1101 1823 1179 1860 vita
1206 1829 1245 1861 et
1273 1837 1396 1863 mores

103 1880 252 1919 fuerant
269 1881 453 1919 faciliores
469 1893 477 1918 ε
507 1881 643 1919 Catoni
664 1894 751 1919 cum
775 1882 1031 1920 incredibilem
1049 1883 1242 1921 tribuisset
1261 1890 1397 1922 natura

103 1941 340 1993 gravitatem,
374 1953 535 1992 eamque
562 1942 642 1994 ipse
676 1948 863 1993 perpetua
892 1944 1102 1981 constantia
1132 1944 1394 1990 roboravisset,

103 2013 329 2053 semperque
360 2001 397 2040 in
427 2002 621 2053 proposito
650 2008 904 2054 susceptoque
932 2003 1082 2041 consilio
1113 2005 1393 2055 permansisset,

103 2061 337 2100 moriendum
370 2062 507 2113 potiuS,
541 2075 654 2114 quam
692 2063 838 2114 tyranni
870 2064 999 2102 vultus
1036 2065 1280 2115 aspiciendus¹
1312 2067 1394 2105 fuit.

105 2121 229 2167 Quam
258 2122 379 2160 multa
409 2135 543 2173 passus
569 2128 628 2160 est
648 2123 777 2161 Ulixes
798 2125 833 2161 in
859 2124 923 2162 illo
943 2137 1083 2173 errore,
1096 2125 1285 2171 diuturno,
1308 2141 1394 2165 cum
1417 2134 1437 2167 8

105 2187 144 2219 et
161 2182 376 2220 mulieribus
393 2182 440 2234 (si
459 2183 566 2221 Circe
586 2188 624 2221 et
644 2184 812 2235 Calypso
832 2185 1005 2223 mulieres
1025 2186 1266 2236 appellandae
1288 2191 1393 2238 sunt)

105 2242 308 2286 inserviret,
328 2243 421 2280 etin
441 2243 541 2281 omni
569 2257 740 2282 sermone
771 2245 946 2283 omnibus
975 2246 1165 2284 affabilem
1194 2252 1234 2284 et
1260 2248 1394 2298 jucun-

104 2302 197 2340 dum
215 2314 256 2340 se
275 2315 357 2340 esse
376 2303 521 2342 vellet?
564 2304 677 2342 Domi
695 2318 785 2343 vcro
804 2306 917 2343 etiam
936 2307 1180 2344 contumelias
1201 2320 1394 2345 servorum

103 2362 399 2414 ancillarumque
427 2365 593 2414 pertulit,
614 2370 658 2403 ut
685 2365 734 2402 ad
761 2365 800 2403 id
828 2366 1041 2418 aliquando,
1071 2367 1174 2418 quod
1206 2367 1394 2417 cupiebat,

105 2422 258 2462 veniret.
306 2423 363 2461 At
380 2423 495 2475 Ajax‚
515 2437 591 2476 quo
610 2425 734 2464 animo
752 2426 926 2471 traditur,
940 2427 1073 2465 millies
1093 2431 1276 2478 oppetere
1295 2440 1392 2466 mor-
