1674 2754
599 188 712 211 menn
730 187 771 212 11.
828 187 916 212 ῡΑΡ.
938 189 1027 212 xxv.
1444 180 1492 215 85

139 285 222 310 esse
251 285 274 310 a
302 272 483 318 Panaetio,
503 273 727 311 valetudinis
756 272 998 317 curationem,
1020 278 1059 310 et
1079 275 1259 324 pecuniae.
1315 274 1424 317 Quas

137 344 197 369 res
215 344 238 369 a
257 344 404 370 summo
424 332 650 384 philosopho
678 332 889 384 praeteritas
909 332 1080 377 arbitror,
1104 334 1206 383 quod
1227 339 1351 371 essent
1369 334 1424 372 fa-

137 391 246 430 ciles:
276 397 364 430 sunt
383 398 484 430 certe
503 393 624 430 utiles.
673 393 751 430 Sed
766 392 945 430 valetudo
964 397 1198 430 sustentatur
1217 394 1347 430 notitia
1366 394 1424 431 sui
1444 397 1466 432 9

137 452 325 502 corporis3
354 457 392 490 et
413 453 682 496 observatione,
705 466 791 503 quae
813 465 873 490 res
893 457 959 490 aut
978 453 1160 503 prodesse
1181 454 1337 497 soleant,
1358 458 1425 491 aut

137 511 291 557 obesse;
321 517 360 550 et
388 513 614 550 continentia
643 513 680 550 in
707 513 811 550 victu
838 513 940 550 omni
967 518 1081 563 atque
1111 513 1227 557 cultu,
1258 514 1425 563 eorporis

136 572 266 609 tuendi
280 584 414 616 causa;
435 577 473 609 et
489 572 819 623 praetermittendis
839 573 1119 623 voluptatibus;
1139 577 1330 623 postremo
1345 577 1424 610 arte

136 643 276 676 eorum,
298 645 458 683 quorum
478 632 527 670 ad
556 632 748 670 scientiam
768 632 851 670 haec
872 633 1071 683 pertinent.
1128 633 1204 669 Res
1224 637 1350 670 autem
1369 633 1423 670 fa·
1446 637 1494 671 10

136 692 283 729 miliaris
298 692 418 743 quaeri
437 692 550 730 debet
568 693 611 730 iis
630 693 753 736 rebus,
771 705 793 729 a
809 693 945 743 quibus
966 693 1077 730 abest
1097 692 1314 743 turpitudo:
1338 705 1424 730 con-

135 752 275 790 servari
301 757 429 790 autem
457 752 649 804 diligentia
670 757 707 790 et
726 752 973 803 parsimonia:
1004 752 1146 790 eisdem
1175 753 1289 790 etiam
1308 753 1422 790 rebus

135 812 274 864 augeri.
331 813 412 850 Has
430 826 490 850 res
511 813 811 851 commodissime
831 813 1044 863 Xenophon
1064 813 1278 850 Socraticus
1299 825 1423 863 perse-
1446 816 1488 852 11

135 877 245 910 cutus
264 877 322 910 est
340 872 378 910 in
396 885 441 910 eo
459 873 567 917 libro,
588 873 652 923 qui
672 873 942 911 OEconomicus
961 873 1194 910 inscribitur:
1224 885 1337 923 quem
1355 886 1424 910 nos

134 932 205 970 ista
234 933 311 970 fere
341 937 456 970 aetate
484 946 571 970 cum
599 946 778 977 essemus,
801 945 876 983 qua
905 945 944 969 es
972 937 1016 970 tu
1043 946 1155 977 nunc,
1177 945 1197 970 e
1219 933 1359 971 Graeco
1386 933 1425 971 in

134 992 312 1030 Latinum
333 993 596 1031 convertimus.

187 1112 310 1150 XXV.
332 1112 408 1150 Sed
428 1112 597 1150 utilita
609 1118 704 1150 tum
725 1112 1042 1163 comparatio,
1059 1112 1233 1163 quoniam
1246 1112 1306 1150 hic
1318 1113 1424 1151 locus

136 1176 218 1210 erat
242 1176 410 1222 quartus,
431 1185 453 1208 a
476 1173 648 1210 Panaetio
675 1172 960 1223 praetermissus,
985 1185 1086 1223 saepe
1113 1177 1171 1209 est
1202 1173 1422 1211 necessaria.

134 1231 234 1269 Nam
249 1236 287 1269 et
299 1232 464 1283 corporis
478 1232 675 1270 commoda
688 1246 773 1269 cum
786 1233 959 1276 externis,
975 1237 1013 1270 et
1025 1237 1179 1269 externa
1192 1246 1277 1270 cum
1291 1246 1421 1284 corpo·
1443 1238 1465 1271 2

133 1291 197 1338 ris,
212 1292 346 1343 etipsa
363 1292 460 1330 inter
474 1305 514 1329 se
529 1293 706 1344 corporis,
717 1298 755 1330 et
769 1297 922 1330 externa
938 1306 1024 1330 cum
1039 1293 1201 1330 externis
1217 1294 1425 1344 comparari

135 1352 266 1390 solent.
323 1352 422 1390 Cum
441 1353 602 1390 externis
622 1353 786 1404 corporis
807 1354 880 1391 hoc
914 1353 1028 1390 modo
1049 1358 1329 1404 comparantur,
1359 1367 1422 1391 va-

135 1411 212 1450 lere
242 1416 286 1450 ut
315 1413 434 1457 malis,
455 1425 569 1463 quam
589 1413 693 1450 dives
719 1426 823 1458 esse;
855 1427 940 1451 eum
970 1413 1136 1464 corporis
1170 1418 1324 1451 externa
1352 1414 1424 1452 hoe
1445 1419 1466 1451 3

135 1472 260 1516 modo,
295 1471 399 1510 dives
430 1485 511 1510 esse
545 1473 684 1524 potius,
714 1486 827 1523 quam
856 1473 1026 1510 maximis
1059 1473 1225 1524 eorporis
1259 1473 1398 1512 viribus
1415 1487 1422 1518 ;

134 1532 218 1582 ipsa
244 1532 342 1570 inter
372 1544 412 1570 se
443 1533 608 1583 corporis
629 1533 693 1576 sic,
713 1538 757 1570 ut
784 1533 884 1570 bona
903 1533 1082 1570 valetudo
1102 1533 1290 1584 voluptati
1318 1539 1424 1571 ante-

136 1596 310 1642 ponatur,
329 1591 426 1629 vires
446 1592 627 1630 celeritati
644 1605 652 1636 ;
682 1597 922 1630 externorum
950 1597 1089 1636 autem,
1110 1597 1154 1629 ut
1183 1593 1304 1644 gloria
1332 1593 1423 1631 divi—
1444 1597 1467 1631 4

137 1651 210 1696 tiis,
224 1651 422 1703 vectigalia
436 1652 580 1690 urbana
599 1652 758 1690 rusticis.
815 1652 873 1690 Ex
887 1666 962 1703 quo
982 1665 1121 1704 genere
1137 1654 1422 1704 comparationis
1444 1660 1466 1693 5

139 1711 233 1749 illud
254 1716 312 1749 est
326 1712 479 1749 Catonis
498 1712 616 1756 senis;
646 1725 668 1749 a
683 1725 757 1763 quo
778 1726 864 1750 cum
884 1718 1130 1763 quaereretur,
1147 1713 1238 1763 quid
1258 1714 1420 1751 maxime

135 1772 173 1810 in
190 1784 231 1809 re
250 1771 422 1810 familiari
441 1772 648 1823 expediret,
670 1773 875 1823 respondit,
898 1774 993 1811 bene
1021 1785 1186 1824 pascere.
1245 1774 1344 1818 Quid
1365 1787 1421 1812 se-

87 1838 91 1842 ”
135 1831 330 1870 cundum-‘2
362 1832 463 1870 Satis
478 1832 572 1870 bene
586 1845 751 1883 pascere.
808 1833 908 1878 Quid
925 1833 1108 1870 tertium?
1137 1833 1237 1870 Male
1256 1846 1421 1884 pascere.

135 1891 233 1937 Quid
244 1896 420 1942 quartum
432 1892 450 1929 ἵ)
480 1892 614 1931 Arare.
670 1893 731 1937 Et,
748 1906 833 1931 cum
852 1893 925 1938 ille,
942 1893 1006 1944 qui
1025 1893 1237 1944 quaesierat,
1255 1894 1421 1938 dixisset,

135 1951 236 1996 Quid
263 1951 454 1990 fenerari?
482 1956 566 1990 tum
585 1953 694 1998 Cato,
717 1953 817 1998 Quid
846 1953 1048 1998 hominem,
1070 1953 1200 2004 inquit,
1222 1954 1422 1992 occidere?

134 2011 194 2049 Ex
225 2025 301 2063 quo
334 2017 372 2050 et
401 2012 530 2050 multis
559 2013 638 2050 aliis
670 2013 828 2065 intelligi
856 2013 982 2058 debet,
1003 2014 1208 2052 utilitatum
1228 2027 1422 2066 compara-
1443 2019 1465 2053 6

134 2071 253 2109 tiones
272 2071 353 2110 fieri
371 2072 502 2117 solere,
521 2077 701 2124 recteque
728 2074 800 2112 hoc
820 2073 1042 2125 adjunctum
1062 2087 1143 2112 esse
1163 2079 1340 2126 quartum
1359 2088 1422 2113 ex-

136 2130 406 2181 quirendorum
438 2133 645 2170 officiorum
682 2146 813 2185 genus.
870 2134 948 2172 Sed
975 2139 1057 2172 toto
1086 2135 1158 2173 hoc
1192 2135 1239 2173 de
1273 2134 1421 2187 genere,
1444 2136 1464 2174 7

135 2191 184 2228 de
199 2191 416 2241 quaerenda,
432 2192 481 2230 de
501 2193 720 2231 collocanda
739 2195 909 2244 pecunia,
925 2195 1060 2233 vellem
1075 2195 1188 2233 etiam
1203 2196 1251 2233 de
1267 2196 1420 2239 utenda,

137 2250 370 2288 commodius
390 2264 412 2288 a
431 2253 657 2302 quibusdam
676 2254 826 2304 optimis
847 2255 932 2293 viris
952 2255 1001 2292 ad
1021 2256 1045 2294 J
1048 2268 1161 2293 anum
1180 2256 1345 2292 medium
1365 2268 1421 2292 se-

135 2311 323 2354 dentibus,
337 2323 450 2362 quam
469 2313 518 2350 ab
537 2313 622 2351 ullis
643 2315 877 2365 philosophis
897 2316 974 2353 ulla
992 2316 1029 2353 in
1050 2316 1179 2353 schola
1195 2315 1419 2365 disputatur.

135 2371 234 2408 Sunt
250 2376 376 2409 tamen
392 2384 436 2409 ea
450 2375 710 2424 cognoscenda
726 2387 734 2418 ;
764 2375 951 2426 pertinent
965 2376 1064 2414 enim
1080 2375 1127 2412 ad
1147 2375 1357 2418 utilitatem,
1373 2374 1420 2412 de
1443 2379 1464 2413 8

136 2443 210 2482 qua
228 2431 301 2470 hoc
315 2431 410 2470 libro
422 2431 658 2483 disputatum
673 2439 741 2472 est.
772 2435 932 2486 Reliqua
946 2436 1123 2487 deinceps
1138 2447 1418 2486 persequemur.
