1674 2754
100 179 149 214 84
653 189 704 212 DE
725 188 895 213 ornans

168 272 239 310 fuit
258 272 434 324 sapientis
449 277 488 311 et
502 274 717 324 praestantis
729 273 807 317 viri,
823 273 994 311 omnibus
1011 274 1281 312 consulendum
1293 274 1434 324 putavit

102 337 147 371 11
170 333 300 383 anue
320 337 377 370 est
395 346 543 370 summa
561 334 656 371 ratio
671 339 710 371 et
728 334 911 384 sapientia
929 333 1017 371 boni
1037 334 1137 378 civis,
1159 334 1352 371 commoda
1364 333 1451 371 civi-

169 405 234 429 um
265 405 340 429 non
372 393 559 437 divellere,
588 398 701 443 atque
729 405 858 430 omnes
887 393 1063 443 aequitate
1092 393 1223 430 eadem
1252 394 1449 431 continere.

101 457 148 489 12
171 452 353 490 Habitent
381 453 498 503 gratis
527 453 565 490 in
593 453 744 490 alieno?
801 453 900 498 Quid
928 453 1012 489 ita?
1069 453 1135 496 Ut,
1158 466 1244 490 cum
1263 466 1333 504 ego
1353 465 1450 490 eme-

169 512 250 556 rim,
268 512 496 556 aedificarim,
513 517 632 556 tuear,
647 512 876 563 impendam,
895 517 948 556 tu,
969 525 1029 549 me
1047 512 1173 556 invito,
1194 513 1318 550 fruare
1337 512 1452 550 meo?

171 571 270 616 Quid
289 576 347 609 est
365 571 467 609 aliud
486 572 566 609 aliis
586 584 653 609 sua
672 572 826 622 eripere,
848 571 927 609 aliis
947 571 1037 609 dare
1057 572 1207 609 aliena?

103 635 149 669 13
205 631 360 669 Tabulae
374 644 463 669 vero
482 644 588 669 novae
609 631 699 682 quid
719 632 860 668 habent
874 632 1099 682 argumenti,
1112 631 1181 669 nisi
1195 636 1238 668 ut
1253 644 1355 668 emas
1369 644 1453 668 mea

169 691 328 741 pecunia
356 691 538 736 fundum;
567 704 656 729 eum
684 696 729 728 tu
754 691 906 735 habeas,
929 704 1001 743 ego
1028 705 1103 728 non
1121 692 1283 729 habeam
1302 692 1453 742 pecuni-

169 762 231 787 am
245 751 262 787 ‘2
300 751 444 788 XXIV.
467 751 590 796 Quam
605 752 653 788 ob
668 763 747 788 rem
761 763 808 788 ne
823 752 870 788 sit
887 764 936 788 aes
954 752 1125 796 alienum,
1139 751 1241 802 quod
1259 752 1312 788 rei
1331 752 1453 802 publi-

170 822 224 847 cae
243 815 388 854 noceat,
409 811 684 861 providendum
704 816 783 855 est;
814 810 933 862 (quod
963 812 1091 848 multis
1110 812 1314 849 rationibus
1334 812 1454 849 caveri

170 874 296 919 potest
309 869 335 920 :)
356 883 442 913 non,
464 871 494 907 si
512 870 635 913 fuerit,
657 875 700 907 ut
718 871 928 921 locupletes
948 884 1057 908 suum
1078 871 1250 921 perdant,
1267 871 1454 910 debitores

128 932 149 965 2
170 929 362 966 lucrentur
380 929 552 967 alienum.
609 929 691 967 Nec
711 930 808 966 enim
829 930 906 967 ulla
933 943 993 967 res
1011 931 1268 968 vehementius
1287 943 1366 968 rem
1386 944 1455 981 pu-

171 989 305 1026 blicam
325 990 500 1032 continet,
522 1002 637 1040 quam
656 989 770 1026 fides:
800 1002 885 1040 quae
904 1002 986 1026 esse
1005 990 1107 1027 nulla
1136 995 1274 1041 potest,
1294 991 1363 1028 nisi
1384 991 1454 1028 erit

127 1053 149 1086 3
170 1049 381 1086 necessaria
401 1049 537 1086 solutio
556 1061 682 1086 rerum
699 1050 934 1087 creditarum.
977 1049 1183 1100 Nunquam
1198 1050 1456 1088 vehementius

171 1114 298 1146 actum
318 1113 386 1153 est,
403 1121 517 1159 quam
536 1121 597 1146 me
617 1110 780 1152 consule,
796 1122 842 1146 ne
862 1109 1080 1147 solveretur.
1123 1110 1251 1147 Armis
1267 1115 1305 1147 et
1325 1111 1456 1147 castris

172 1173 315 1205 tentata
333 1181 392 1205 res
413 1173 470 1205 est
489 1169 538 1206 ab
558 1169 657 1205 omni
684 1181 821 1220 genere
850 1169 1041 1206 hominum
1070 1174 1108 1206 et
1135 1170 1284 1207 ordine:
1318 1171 1455 1220 quibus

172 1227 224 1265 ita
251 1228 381 1271 restiti,
408 1233 452 1265 ut
476 1228 548 1265 hoc
578 1232 728 1265 tantum
757 1229 899 1265 malum
928 1229 975 1266 dc
1002 1241 1042 1266 re
1071 1229 1222 1279 publica
1250 1229 1454 1268 tolleretur.

127 1290 152 1324 4
172 1287 376 1337 Nunquam
396 1299 465 1326 nec
479 1288 603 1338 majus
619 1301 674 1326 aes
693 1288 854 1325 alienum
873 1288 966 1333 fuit;
986 1301 1053 1326 nec
1073 1289 1205 1327 melius
1224 1302 1293 1328 nec
1312 1290 1455 1328 facilius

172 1346 395 1383 dissolutum
417 1353 484 1384 est.
534 1348 750 1384 Fraudandi
765 1348 861 1384 enim
883 1361 949 1398 spe
965 1349 1124 1392 sublata,
1142 1350 1310 1386 solvendi
1328 1363 1455 1387 neces-

129 1411 152 1445 5
173 1407 262 1443 sitas
293 1412 494 1443 consecuta
525 1412 593 1443 est.
651 1408 706 1443 At
727 1420 816 1444 vero
844 1408 902 1444 hic
932 1421 1030 1444 nunc
1052 1408 1180 1452 victor,
1201 1414 1283 1446 tum
1304 1410 1456 1459 quidem

172 1466 304 1510 victus,
326 1479 411 1516 quae
433 1467 628 1516 cogitarat,
650 1479 694 1503 ea
713 1467 882 1516 perfecit,
903 1480 989 1504 cum
1018 1468 1100 1517 ejus
1128 1468 1207 1518 jam
1227 1469 1317 1506 nihil
1343 1469 1455 1506 inter-

172 1530 282 1563 esset.
338 1526 457 1562 Tanta
475 1526 511 1562 in
531 1538 575 1562 eo
595 1526 777 1576 peccandi
804 1526 919 1564 libido
939 1527 1020 1570 fuit,
1043 1532 1085 1563 ut
1113 1528 1185 1565 hoc
1214 1528 1338 1578 ipsum
1370 1542 1456 1566 eum

172 1585 389 1629 delectaret,
411 1598 579 1636 peccare,
601 1586 746 1623 etiamsi
765 1599 878 1623 causa
896 1599 971 1623 non
990 1592 1099 1624 esset.

128 1649 151 1683 6
225 1646 290 1683 Ab
309 1646 382 1682 hoc
401 1646 516 1696 igitur
542 1658 681 1696 genere
707 1647 925 1697 largitionis,
946 1652 990 1684 ut
1009 1647 1088 1684 aliis
1109 1647 1231 1692 detur,
1253 1648 1333 1686 aliis
1354 1649 1456 1686 aufe-

171 1710 286 1748 ratur,
307 1705 468 1742 aberunt
486 1706 520 1749 ii,
542 1706 606 1756 qui
624 1719 704 1743 rem
723 1707 913 1756 publicam
941 1707 1168 1744 tuebuntur:
1198 1708 1235 1744 in
1254 1709 1456 1759 primisque

173 1777 328 1815 operam
347 1765 504 1808 dabunt,
526 1770 569 1801 ut
595 1765 690 1815 juris
719 1771 756 1802 et
785 1766 1012 1816 judiciorum
1032 1767 1208 1816 aequitate
1227 1780 1337 1804 suum
1358 1769 1454 1818 quis-

172 1836 246 1875 quc
264 1828 414 1868 teneam
443 1829 481 1861 et
499 1837 620 1874 neque
639 1825 825 1862 tenuiores
845 1830 1000 1875 propter
1027 1826 1456 1865 humilitatem-circum-

172 1884 377 1927 veniantur,
398 1896 519 1934 neque
550 1885 802 1934 locupletibus
832 1884 881 1922 ad
909 1897 976 1921 sua
995 1885 1054 1922 vel
1082 1886 1244 1923 tenenda
1263 1887 1323 1924 vel
1350 1900 1455 1925 recu-

172 1943 340 1994 peranda
377 1944 476 1982 obsit
511 1944 669 1981 invidia:
709 1949 895 1994 praeterea
931 1945 1214 1996 quibuscunque
1250 1947 1364 1984 rebus
1396 1949 1455 1986 vel

172 2003 260 2041 belli
273 2003 332 2040 vel
351 2003 453 2041 domi
471 2009 661 2054 poterunt,
675 2017 755 2041 rem
770 2004 959 2054 publicam
979 2010 1143 2055 augeant
1161 2006 1328 2056 imperio,
1343 2008 1454 2059 agris,

132 2063 152 2100 7
173 2063 432 2113 vectigalibus.
488 2064 582 2101 Haec
613 2077 839 2115 magnorum
871 2065 1065 2101 hominum
1097 2070 1207 2102 sunt:
1241 2067 1324 2104 haec
1352 2068 1455 2118 apud

173 2123 335 2173 majores
353 2128 501 2160 nostros
520 2123 712 2160 factitata:
743 2124 827 2161 haec
855 2136 995 2174 genera
1021 2124 1227 2162 officiorum
1248 2127 1310 2176 qui
1330 2140 1454 2177 perse-

173 2188 350 2233 quuntur,
373 2196 460 2220 cum
480 2195 628 2219 summa
655 2183 816 2220 utilitate
834 2184 887 2220 rci
907 2184 1068 2234 publicae
1089 2197 1267 2236 magnam
1287 2186 1358 2237 ipsi
1377 2187 1454 2224 adi-

175 2242 366 2292 piscentur
386 2247 425 2279 et
443 2243 606 2293 gratiam
626 2247 664 2280 et
683 2243 855 2293 gloriam.

133 2365 156 2399 8
229 2361 274 2398 In
293 2361 350 2398 his
370 2366 497 2399 autem
516 2362 721 2399 utilitatum
749 2362 949 2413 praeceptis
968 2363 1172 2414 Antipater
1191 2365 1336 2415 Tyrius,
1357 2365 1454 2405 Stoi-

174 2433 253 2465 cuS,
279 2422 341 2472 qui
371 2422 534 2460 Athenis
561 2434 683 2472 nuper
709 2427 768 2459 est
794 2427 978 2466 mortuus,
1006 2423 1083 2461 duo
1110 2425 1302 2474 praeterita
1329 2436 1455 2463 censet
