1674 2754
628 212 740 236 unna
759 212 799 236 11.
856 211 944 236 cAP.
966 212 1003 236 v.
1441 200 1487 237 ol

137 306 175 338 et
201 300 267 352 qui
293 299 480 351 principes
506 297 716 336 inveniendi
741 298 906 340 fuerunt,
927 309 1040 347 quem
1070 309 1118 333 ex
1143 309 1291 346 quaque
1312 296 1424 334 belua

136 373 248 398 usum
267 360 408 397 habere
427 372 636 410 possemus
651 358 821 397 homines
836 362 936 395 certe
954 357 1128 393 fuerunt:
1149 368 1218 393 nec
1238 356 1309 393 hoc
1329 361 1424 393 tem-

137 433 228 472 pore
255 420 334 458 sine
361 420 554 457 hominum
583 431 698 469 opera
717 422 783 455 aut
811 430 966 469 pascere
992 429 1067 461 eaS,
1089 420 1155 453 aut
1175 416 1339 460 domare,
1360 420 1425 452 aut

137 479 243 525 tueri,
259 484 325 517 aut
339 479 584 531 tempestivos
603 479 749 516 fructus
764 491 811 515 ex
829 478 887 515 his
903 489 1037 528 capere
1053 487 1272 528 possemus:
1293 475 1341 513 ab
1357 475 1425 512 eis-

137 540 301 591 demque
329 544 368 578 et
395 552 461 584 eae,
483 553 570 590 quae
598 543 747 583 nocent,
767 537 1048 581 interficiuntur,
1071 541 1109 574 et
1128 548 1214 587 quae
1234 535 1318 572 usui
1338 548 1423 585 pos-

137 604 225 638 sunt
243 612 336 644 esse,
358 599 567 650 capiuntur.
625 598 959 644 Quid'enumerem
979 597 1116 634 artium
1134 595 1424 639 multitudinem,
1447 599 1469 632 6

137 659 215 697 sine
233 660 370 710 quibus
397 660 475 697 vita
501 659 650 696 omnino
683 659 787 696 nulla
815 671 897 695 esse
926 657 1143 709 potuisset?
1201 656 1300 701 Quid
1329 656 1427 693 enim

137 719 247 771 aegris
276 719 503 764 subveniret,
525 732 611 770 quae
639 723 738 756 esset
764 718 966 756 oblectatio
985 717 1201 761 valentium,
1224 716 1288 767 qui
1306 716 1427 753 victus

137 785 203 817 aut
231 780 366 824 cultus,
386 779 456 817 nisi
482 784 562 817 tam
588 779 721 817 multae
750 779 857 816 nobis
883 783 983 815 artes
1008 778 1269 822 ministrarent,
1291 777 1427 827 quibus

135 840 250 878 rebus
269 840 419 878 exculta
437 840 632 877 hominum
647 839 724 876 vita
741 843 891 876 tantum
906 839 1021 876 distat
1035 851 1057 875 a
1071 838 1175 876 victu
1189 842 1227 875 et
1242 837 1347 876 cultu
1361 837 1425 874 be-

137 900 322 938 stiarum?
377 900 502 938 Urbes
522 912 611 937 vero
642 899 720 936 sine
751 899 946 936 hominum
978 903 1082 936 coetu
1111 911 1186 935 non
1216 897 1427 948 potuissent
1449 896 1470 934 7

136 973 206 998 nec
234 960 422 1004 aedificari,
443 971 512 997 nec
540 959 792 1009 frequentari:
823 971 869 995 ex
889 972 964 1008 quo
989 958 1093 1009 leges
1122 971 1320 1008 moresque
1340 971 1426 995 con-

138 1020 275 1064 stituti,
288 1024 370 1057 tum
387 1020 481 1071 juris
502 1032 611 1070 aequa
629 1019 831 1070 descriptio
851 1024 1029 1069 certaque
1047 1019 1196 1056 vivendi
1216 1018 1423 1068 disciplina.

139 1081 241 1126 Quas
265 1092 324 1118 res
349 1085 389 1118 et
415 1079 667 1117 mansuetudo
694 1080 903 1116 animorum
926 1084 1127 1116 consecuta
1146 1083 1185 1115 ct
1203 1078 1428 1116 verecundia
1450 1082 1470 1114 8

137 1145 219 1178 est:
249 1140 511 1190 effectumque,
532 1144 576 1177 ut
604 1144 704 1177 esset
731 1140 807 1176 vita
834 1138 1022 1182 munitior,
1043 1143 1157 1188 atque
1182 1143 1226 1175 ut
1245 1138 1370 1175 dando
1390 1141 1429 1175 et

137 1199 354 1252 accipiendo
369 1199 637 1249 mutandisque
651 1198 896 1236 facultatibus
911 1203 949 1236 et
964 1198 1247 1236 commodandis
1266 1197 1370 1235 nulla
1387 1210 1427 1234 re

137 1272 346 1313 egeremus.

189 1381 238 1419 V.
267 1379 474 1431 Longiores
501 1380 574 1418 hoc
602 1379 685 1418 loco
714 1393 856 1424 sumus,
886 1393 1000 1430 quam
1027 1391 1181 1417 necesse
1209 1383 1278 1417 est.
1336 1378 1428 1424 Quis

138 1445 196 1479 est
223 1441 332 1485 enim,
354 1440 414 1478 cui
440 1450 515 1478 non
543 1440 742 1491 perspicua
770 1440 843 1477 sint
868 1440 943 1484 illa,
965 1453 1051 1490 quae
1073 1440 1244 1490 pluribus
1263 1439 1386 1477 verbis
1406 1451 1429 1475 a

137 1501 306 1551 Panaetio
333 1504 686 1544 commemorantur,
708 1500 894 1537 neminem
912 1498 1044 1551 'neque
1073 1500 1209 1537 ducem
1238 1500 1327 1537 belli
1358 1512 1427 1537 nec

139 1561 346 1612 principem
366 1559 469 1597 domi
495 1571 653 1610 magnas
680 1572 740 1596 res
771 1565 809 1597 et
835 1561 1017 1597 salutares
1038 1560 1115 1597 sine
1134 1559 1328 1596 hominum
1349 1563 1426 1596 stu-

139 1621 209 1658 diis
236 1631 366 1671 gerere
394 1619 592 1670 potuisse‘?
650 1619 978 1657 Commemoratur
1003 1620 1051 1657 ab
1077 1632 1121 1656 eo
1144 1619 1427 1664 Themistocles,
1449 1624 1470 1656 2

142 1680 315 1724 Pericles,
333 1679 468 1730 Cyrus,
489 1679 704 1730 Agesilaus,
721 1679 954 1724 Alexander,
971 1692 1066 1730 quos
1085 1684 1201 1731 negat
1220 1680 1299 1716 sine
1319 1679 1427 1730 adju-

139 1740 274 1778 mentis
304 1739 498 1777 hominum
528 1744 653 1777 tantas
681 1752 740 1776 res
772 1740 917 1777 efficere
946 1740 1126 1791 potuisse.
1183 1739 1314 1777 Utitur
1331 1739 1368 1777 in
1387 1752 1427 1777 rc

139 1813 215 1838 non
233 1800 349 1838 dubia
366 1799 526 1838 testibus
545 1812 619 1836 non
638 1800 866 1837 necessariis

192 1860 323 1911 Atque
349 1863 394 1897 ut
419 1871 577 1911 magnas
604 1859 785 1897 utilitates
805 1859 1047 1910 adipiscimur
1065 1859 1340 1910 conspiratione
1360 1860 1426 1897 ho·
1448 1864 1470 1897 3

139 1920 282 1958 minum
301 1923 415 1970 atque
430 1932 615 1957 consensu
631 1931 638 1956 :
669 1920 720 1957 sic
740 1920 843 1957 nulla
863 1924 943 1957 tam
961 1920 1194 1958 detestabilis
1220 1921 1336 1971 pestis
1357 1925 1425 1964 est,

140 1993 227 2032 quae
257 1992 332 2017 non
356 1979 497 2018 homini
515 1980 563 2017 ab
582 1980 732 2017 homine
751 1985 939 2018 nascatur.
995 1980 1066 2018 Est
1093 1980 1307 2019 Dicaearchi
1333 1980 1428 2018 liber
1447 1983 1471 2018 4

141 2040 189 2078 de
207 2040 360 2078 interitu
377 2040 584 2085 hominum,
605 2040 846 2091 Peripatetici
864 2040 991 2092 magni
1011 2045 1049 2078 et
1068 2041 1208 2091 copiosi
1224 2053 1232 2077 ;
1266 2040 1330 2092 qui
1350 2041 1425 2078 col-

141 2100 247 2139 lectis
274 2100 407 2138 ceteris
437 2100 570 2145 causis,
601 2099 793 2145 eluvionis,
823 2100 1059 2151 pestilentiae,
1080 2101 1277 2146 vastitatis,
1298 2101 1427 2139 belua-

142 2173 225 2198 rum
235 2160 348 2198 etiam
356 2160 568 2211 'repentinae
582 2160 844 2205 multitudinis,
856 2160 1015 2211 quarum
1034 2161 1179 2212 impetu
1195 2161 1307 2199 docet
1321 2174 1427 2212 quae-

143 2220 232 2258 dam
260 2220 453 2258 hominurn
481 2232 621 2272 genera
649 2233 731 2258 esse
755 2220 988 2272 'consumpta
1003 2235 1012 2265 ;
1050 2221 1186 2259 deinde
1219 2226 1425 2272 comparat,

142 2285 284 2332 quanto
314 2279 440 2332 plures
465 2279 579 2318 deleti
608 2280 683 2318 sint
709 2281 879 2318 homines
899 2281 1092 2319 hominum
1111 2282 1268 2331 impetu,
1290 2282 1328 2318 id
1357 2285 1425 2325 est,

144 2339 248 2379 bellis
268 2344 335 2378 aut
354 2330 606 2385 seditionibuS,
628 2353 741 2391 quam
761 2341 860 2379 omni
879 2342 1022 2392 reliqua
1041 2341 1264 2379 calamitate.

196 2451 296 2492 Cum
323 2451 440 2505 igitur
467 2450 528 2491 hic
557 2453 663 2491 locus
690 2453 781 2492 nihil
810 2452 951 2493 habeat
969 2453 1224 2497 dubitationis,
1245 2453 1334 2504 quin
1359 2453 1425 2491 ho·
1446 2459 1470 2492 5
