1674 2754
609 164 724 188 ιΙΒΕΒ
743 165 768 190 1.
825 163 913 190 CAP.
933 164 1061 190 xxx1x.
1462 154 1514 189 49

154 251 285 290 cidunt
310 250 547 295 necessariae,
567 251 606 288 in
633 250 771 301 quibus
798 249 983 287 utendum
1011 254 1069 287 est
1095 250 1255 287 fortasse
1284 254 1321 287 et
1341 249 1442 287 vocis

153 311 390 349 contentione
417 311 561 362 majore
588 315 626 348 et
654 310 855 348 verborum
882 310 1071 360 gravitate
1091 310 1242 353 acriore,
1262 310 1303 346 id
1331 323 1443 360 agen-

153 370 246 408 dum
265 371 378 408 etiam
396 376 439 408 ut
453 383 503 419 *ea
522 371 647 408 facere
666 371 860 408 videamur
886 370 970 407 irati
987 382 994 406 :
1024 370 1092 407 sed
1121 374 1163 406 ut
1183 369 1232 406 ad
1257 370 1443 407 urendum

153 435 192 468 et
211 431 428 475 secandum,
450 431 503 468 sic
523 431 572 469 ad
593 431 665 468 hoc
685 444 804 482 genus
834 430 1043 481 castigandi
1070 443 1154 466 raro
1182 429 1360 479 invitique
1382 442 1442 466 ve-

153 490 308 534 niemus,
348 503 416 529 nec
454 503 632 541 unquam,
671 491 740 528 nisi
776 491 997 534 necessario,
1032 490 1062 527 si
1099 490 1200 528 nulla
1239 489 1446 540 reperietur

152 551 224 588 alia
255 551 448 588 medicina.
505 551 583 588 Sed
613 541 740 588 tamen
767 551 820 588 ira
849 550 981 601 procul
1009 550 1120 594 absit,
1144 563 1231 587 cum
1251 562 1326 600 qua
1355 549 1444 586 nihil

153 615 252 648 recte
271 610 361 655 fieri,
381 611 471 648 nihil
491 611 724 648 considerate
744 615 882 661 potest.
939 610 1120 661 Magnam
1148 615 1277 647 autem
1297 614 1445 660 partem
1465 613 1487 645 4

152 670 326 709 clementi
345 671 590 722 castigatione
610 670 698 709 licet
712 671 779 714 uti,
794 670 982 721 gravitate
998 675 1124 707 tamen
1143 670 1336 721 adjuncta,
1350 673 1394 706 ut
1408 673 1446 706 et

151 731 330 769 severitas
350 731 586 775 adhibeatur,
604 736 643 768 et
662 730 888 768 contumelia
907 731 1123 781 repellatur.
1179 731 1312 780 Atque
1331 730 1445 767 etiam
1465 735 1487 766 5

151 790 244 829 illud
263 791 400 842 ipsum,
421 791 524 842 quod
543 791 758 829 acerbitatis
778 791 895 829 habet
915 791 1142 841 objurgatio,
1156 790 1446 842 significa-ndum

151 857 221 896 cst,
237 852 353 903 ipsius
371 852 410 889 id
426 864 550 896 causa,
567 851 631 902 qui
650 851 883 902 objurgetur,
901 863 983 888 esse
1001 856 1236 902 susceptum.
1281 851 1445 887 Rectum
1465 853 1487 886 G

152 917 211 950 est
229 917 359 950 autem
387 912 500 950 etiam
527 912 565 949 in
592 912 662 949 illis
691 911 1002 955 contentionibus,
1023 924 1108 961 quae
1128 924 1214 949 cum
1241 909 1444 948 inimicissi-

153 973 225 1010 mis
243 972 350 1016 fiunt,
371 972 517 1009 etiamsi
535 972 643 1010 nobis
661 971 815 1023 indigna
842 971 1052 1016 audiamus,
1073 976 1200 1009 tamen
1219 972 1446 1023 gravitatem

154 1033 324 1076 retinere,
345 1032 577 1070 iracundiam
597 1032 747 1083 pellere.
805 1032 898 1076 Quae
928 1032 1026 1068 enim
1046 1045 1133 1068 cum
1151 1032 1276 1082 aliqua
1296 1037 1442 1082 pertur-
1462 1036 1488 1072 7

152 1092 301 1130 batione
320 1092 425 1136 fiunt,
447 1105 492 1130 ea
510 1105 580 1130 nec
609 1096 824 1129 constanter
852 1092 930 1128 fieri
958 1096 1127 1142 possunt,
1149 1104 1269 1142 neque
1297 1093 1351 1136 iis,
1382 1093 1446 1143 qui

149 1152 299 1196 adsunt,
316 1152 478 1203 probari.
534 1152 715 1189 Deforme
735 1152 848 1189 etiam
867 1156 936 1196 est,
955 1152 1002 1188 de
1022 1164 1062 1189 se
1081 1152 1205 1202 ipsum
1224 1152 1443 1202 praedicare,
1466 1158 1488 1192 8

151 1212 247 1249 falsa
265 1212 489 1263 praesertim,
511 1217 549 1250 et
568 1225 657 1250 cum
675 1212 841 1249 irrisione
869 1211 1101 1249 audientium
1127 1211 1261 1249 imitari
1288 1213 1444 1250 militem

149 1271 370 1323 gloriosum.

203 1393 380 1431 XXXIX.
401 1393 452 1431 Et
471 1393 648 1444 quoniam
668 1393 790 1430 omnia
809 1393 1081 1444 persequimur,
1097 1393 1271 1432 volumus
1290 1395 1443 1446 quidem

151 1458 264 1498 certe,
278 1453 480 1491 dicendum
494 1458 552 1491 est
566 1453 692 1497 etiam,
707 1453 858 1504 qualem
878 1454 1037 1491 hominis
1057 1455 1230 1492 honorati
1250 1460 1288 1492 et
1307 1456 1441 1505 princi-

150 1513 208 1564 pis
227 1514 252 1552 d
265 1527 287 1551 o
299 1527 337 1550 m
349 1527 426 1551 um
445 1514 595 1565 placeat
614 1526 696 1551 esse
713 1526 720 1550 :
743 1514 852 1564 cujus
873 1514 953 1551 finis
977 1519 1035 1551 cst
1053 1527 1156 1558 usuS,
1179 1514 1228 1551 ad
1247 1528 1361 1565 quem
1380 1528 1440 1554 ac-

150 1573 428 1611 commodanda
455 1578 513 1610 est
542 1573 754 1626 aedificandi
781 1574 994 1624 descriptio,
1016 1579 1054 1610 et
1073 1578 1198 1611 tamen
1228 1575 1443 1613 adhibenda

150 1633 426 1671 commoditatis
446 1633 715 1684 dignitatisque
736 1633 938 1685 diligentia.
997 1634 1064 1671 On.
1089 1634 1261 1678 Octavio,
1283 1636 1347 1685 qui
1366 1636 1439 1686 pri·
1462 1641 1484 1674 2

151 1706 235 1731 mus
254 1706 301 1731 ex
319 1693 383 1731 illa
400 1693 540 1731 familia
559 1693 689 1731 consul
708 1693 831 1731 factus
848 1699 916 1738 est,
934 1694 1065 1736 honori
1083 1694 1198 1737 fuisse
1213 1696 1439 1746 accepimus,

149 1753 253 1804 quod
280 1753 503 1804 praeclaram
530 1753 752 1792 aedificasset
779 1754 817 1791 in
843 1754 992 1795 Palatio
1012 1759 1050 1792 et
1069 1754 1220 1805 plenam
1249 1755 1440 1806 dignitatis

150 1814 330 1852 domum:
359 1827 446 1865 quae
465 1827 552 1853 cum
571 1814 686 1866 vulgo
705 1815 899 1860 viseretur,
920 1815 1131 1867 suffragata
1160 1816 1322 1861 domino,
1343 1830 1441 1856 novo

150 1874 301 1919 homini,
318 1874 367 1912 ad
382 1875 621 1913 consulatum
642 1875 863 1926 putabatur.
921 1876 1031 1914 Hanc
1052 1876 1218 1914 Scaurus
1237 1877 1439 1916 demolitus
1461 1884 1482 1916 3

148 1935 399 1973 accessionem
425 1935 598 1986 adjunxit
631 1935 788 1973 aedibus.
846 1936 982 1987 Itaque
1010 1936 1071 1975 ille
1090 1937 1127 1974 in
1155 1950 1263 1974 suam
1283 1937 1438 1975 domum

148 1995 386 2033 consulatum
406 1995 550 2046 primus
569 1996 717 2033 attulit:
738 1996 799 2034 hic
820 1997 956 2034 summi
975 2001 1014 2034 et
1033 1997 1224 2035 clarissimi
1243 1998 1310 2036 viri
1329 1998 1438 2042 filius,

148 2055 186 2092 in
202 2066 204 2068 ·
221 2054 378 2093 domum
409 2055 699 2106 multiplicatam
731 2069 806 2094 non
833 2057 1025 2107 repulsam
1053 2057 1176 2095 solum
1204 2058 1342 2103 retulit,
1372 2060 1439 2097 scd

148 2114 386 2166 ignominiam
406 2116 519 2154 etiam
539 2120 578 2153 ct
597 2116 863 2154 calamitatem.
921 2117 1103 2155 Ornanda
1122 2123 1180 2155 cst
1200 2118 1298 2156 enim
1319 2119 1437 2170 digni·
1459 2124 1481 2156 4

148 2179 207 2212 tas
226 2174 351 2219 domo,
371 2188 446 2213 non
464 2188 511 2213 ex
531 2176 645 2214 domo
664 2181 745 2214 tota
764 2177 968 2227 quaercnda
984 2190 991 2214 :
1021 2190 1090 2215 nec
1119 2178 1232 2216 domo
1252 2179 1436 2223 dominus

148 2234 216 2272 sed
235 2234 386 2273 domino
404 2235 539 2274 domus
560 2237 795 2274 honestanda
814 2242 883 2274 est.
931 2237 982 2275 Et
995 2242 1038 2275 ut
1057 2238 1094 2276 in
1110 2238 1243 2276 ceteris
1262 2238 1437 2276 habenda
1458 2245 1480 2278 5

147 2295 244 2334 ratio
261 2308 336 2333 non
354 2307 423 2333 sua
449 2296 583 2340 solum,
605 2297 672 2335 sed
700 2297 814 2335 etiam
847 2297 1026 2336 aliorum:
1057 2299 1109 2336 sic
1136 2299 1174 2336 in
1201 2298 1315 2336 domo
1348 2298 1438 2335 clari

147 2355 318 2400 hominis,
339 2355 377 2393 in
395 2368 510 2406 quam
529 2361 568 2394 et
586 2356 754 2407 hospites
781 2357 891 2395 multi
909 2358 1123 2408 recipiendi,
1144 2363 1183 2395 ct
1201 2357 1437 2396 admittenda

148 2415 341 2455 hominum
359 2415 542 2468 cujusque
562 2417 665 2456 modi
685 2417 902 2462 multitudo,
925 2417 1140 2456 adhibenda
1159 2430 1249 2456 cura
1268 2422 1327 2456 cst
1345 2417 1436 2457 laxi-

481 2479 502 2511 5
