1674 2754
113 170 162 203 36
664 177 712 201 DE
741 177 908 202 ori-rous

137 268 157 300 2
179 264 504 313 perturbationum
522 263 645 307 animi,
666 268 704 300 et
722 276 850 300 rerum
876 263 1012 300 modus
1041 264 1214 300 cernitur.
1271 263 1356 300 Hoc
1376 262 1456 299 loco

179 323 395 361 continetur
414 323 464 368 id,
484 323 587 373 quod
606 323 679 361 dici
706 323 838 360 Latine
867 323 892 359 d
905 335 958 373 etc
972 335 994 360 o
1006 336 1112 359 rum
1140 327 1267 373 potest
1283 335 1290 359 :
1322 323 1458 360 Graece

178 383 276 421 enim
305 386 431 436 πρέπον
463 383 609 420 dicitur.
665 383 792 433 Hujus
811 383 867 420 vis
895 395 939 420 ea
967 387 1034 426 est,
1056 387 1100 420 ut
1127 383 1174 420 ab
1199 383 1357 419 honesto
1385 395 1458 419 non

177 449 292 493 queat
310 443 485 494 separari.
533 443 634 480 Nam
653 447 691 480 et
710 443 812 493 quod
832 443 953 486 decet,
974 443 1176 479 honestum
1196 447 1254 480 est
1265 455 1274 486 ;
1301 446 1338 479 et
1357 441 1459 492 quod

134 508 156 540 3
177 503 375 541 honestum
405 508 474 547 est,
503 502 623 540 decet.
680 503 809 547 Qualis
839 507 968 539 autem
996 502 1205 540 differentia
1233 503 1280 540 sit
1312 502 1460 539 honesti

176 568 215 600 et
233 563 369 607 decori,
390 563 533 600 facilius
552 562 718 613 intelligi,
739 575 852 612 quam
872 562 1062 613 explanari
1081 567 1216 613 potest.
1273 560 1460 613 Quidquid

177 628 235 660 est
263 623 371 667 enim,
395 622 498 673 quod
527 622 672 667 deceat,
691 622 731 659 id
750 627 832 659 tum
860 627 1030 672 apparet,
1052 636 1138 660 eum
1166 627 1386 672 antegressa
1403 626 1460 659 est

132 686 155 720 4
176 673 388 721 honestas?
420 683 555 732 Itaque
574 695 650 719 non
668 683 790 719 solum
810 683 847 719 in
866 683 936 719 hac
957 687 1064 732 parte
1086 682 1302 725 honestatis,
1319 681 1366 719 de
1385 694 1460 731 qua

175 743 246 780 hoe
274 743 357 780 loco
386 742 645 779 disserendum
673 747 742 785 est,
765 741 832 779 sed
860 741 973 778 etiam
991 742 1029 778 in
1048 742 1167 779 tribus
1194 741 1460 792 superioribus,

132 808 154 840 5
175 803 265 852 quid
294 803 440 846 deceat,
470 807 640 852 apparet.
698 802 800 838 Nam
829 807 867 838 et
894 802 1036 839 ratione
1064 802 1119 839 uti
1150 807 1264 852 atque
1295 801 1460 839 oratione

175 862 391 912 prudenter,
414 866 452 898 et
470 874 593 911 agere,
616 861 719 911 quod
750 874 854 911 agaS,
876 861 1122 906 considerate,
1143 862 1316 911 omnique
1342 862 1380 898 in
1408 874 1460 904 re,

175 922 264 971 quid
290 922 337 958 sit
357 921 445 964 veri,
467 921 594 957 videre
622 926 660 957 et
687 921 784 958 tueri
812 921 944 958 decet:
975 927 1181 970 contraque
1207 922 1296 965 falli,
1326 932 1460 964 errare,

175 982 260 1025 labi,
275 981 398 1031 decipi
416 985 494 1018 tam
514 980 686 1024 dedecet,
701 993 815 1030 quam
830 980 987 1018 delirare
1003 984 1040 1017 et
1055 985 1177 1018 mente
1196 993 1278 1018 esse
1295 985 1460 1031 captum.

133 1046 154 1078 6
175 1041 225 1078 Et
253 1042 358 1092 justa
385 1041 509 1078 omnia
538 1040 677 1077 decora
704 1045 812 1084 sunt;
842 1040 982 1091 injusta
1009 1045 1150 1084 contra,
1181 1046 1224 1077 ut
1252 1041 1388 1091 turpia,
1410 1039 1462 1077 sic

175 1101 360 1138 indecora.
417 1100 553 1137 Similis
574 1105 631 1136 est
650 1101 743 1137 ratio
768 1100 1008 1137 fortitudinis.
1065 1100 1176 1145 Quod
1196 1101 1292 1137 enim
1313 1100 1462 1137 viriliter

175 1161 374 1210 animoque
401 1172 539 1210 magno
568 1160 620 1203 fit,
650 1159 688 1196 id
717 1159 874 1210 dignum
902 1160 980 1196 viro
1012 1165 1050 1196 et
1080 1160 1259 1197 decorum
1289 1160 1459 1197 videtur:

133 1221 154 1258 7
176 1220 278 1270 quod
309 1226 448 1262 contra,
480 1219 519 1256 id
550 1224 592 1256 ut
620 1225 742 1270 turpe,
775 1219 827 1256 sic
858 1219 1087 1257 indecorum.
1145 1220 1269 1265 Quare
1300 1219 1461 1270 pertinet

176 1279 328 1330 quidem
347 1279 396 1316 ad
416 1291 564 1316 omnem
584 1279 821 1316 honestatem
847 1280 931 1322 hoc,
954 1279 1056 1329 quod
1076 1280 1170 1322 dico,
1193 1280 1393 1316 decorum:
1423 1284 1461 1316 et

175 1340 228 1376 ita
246 1340 418 1390 pertinet,
439 1344 483 1376 ut
501 1352 575 1376 non
602 1339 797 1376 recondita
826 1338 991 1389 quadam
1018 1339 1161 1376 ratione
1189 1344 1371 1383 cernatur,
1394 1339 1461 1376 sed

134 1404 156 1438 8
178 1400 225 1436 sit
252 1400 289 1436 in
317 1405 507 1450 promptu.
565 1399 634 1436 Est
667 1399 764 1435 enim
797 1398 989 1448 quiddam,
1024 1399 1139 1449 idque
1172 1399 1390 1450 intelligitur
1425 1399 1461 1436 in

177 1459 276 1496 omni
294 1460 442 1502 virtu-te,
464 1459 566 1509 quod
587 1458 720 1496 deceat
737 1471 744 1495 :
775 1458 876 1508 quod
897 1459 1123 1509 cogitatione
1144 1459 1262 1510 magis
1283 1473 1305 1496 a
1324 1459 1461 1496 virtute

134 1523 156 1557 9
177 1524 304 1569 potest
322 1532 436 1569 quam
456 1531 496 1556 re
515 1518 690 1568 separari.
748 1518 803 1555 Ut
822 1524 999 1555 venustas
1015 1523 1053 1555 et
1073 1519 1314 1568 pulchritudo
1330 1531 1460 1569 eorpo-

176 1580 226 1616 ris
245 1579 386 1616 secerni
401 1591 475 1615 non
494 1583 622 1628 potest
640 1591 662 1614 a
681 1578 915 1615 valetudine:
938 1577 989 1615 sic
1005 1578 1090 1620 hoc,
1108 1578 1155 1615 de
1171 1591 1246 1628 quo
1260 1578 1460 1629 loquimur,

178 1639 367 1682 decorum,
389 1644 512 1676 totum
540 1638 633 1675 illud
653 1638 805 1688 quidem
825 1642 882 1675 est
902 1651 989 1675 cum
1007 1638 1145 1676 virtute
1165 1639 1373 1682 confusum,
1393 1639 1460 1676 sed

177 1704 302 1736 mente
321 1704 360 1736 et
379 1699 604 1749 cogitatione
625 1698 879 1749 distinguitur.

112 1822 158 1856 10
230 1818 300 1855 Est
336 1822 464 1854 autem
500 1817 576 1854 eius
615 1816 817 1866 descriptio
854 1816 1007 1866 duplex.
1074 1817 1174 1853 Nam
1212 1824 1250 1854 et
1285 1818 1459 1868 generale

178 1877 371 1928 quoddam
391 1877 568 1914 decorum
586 1876 836 1926 intelligimuS‚
858 1877 961 1926 quod
980 1877 1018 1913 in
1037 1876 1136 1914 omni
1163 1877 1359 1914 honestate
1378 1890 1459 1914 ver-

179 1943 304 1975 satur:
334 1943 372 1974 et
399 1937 501 1974 aliud
530 1936 617 1973 huic
645 1936 870 1986 subjectum,
893 1936 996 1986 quod
1024 1936 1187 1986 pertinet
1213 1936 1262 1973 ad
1291 1936 1460 1987 singulas

113 2002 157 2035 11
180 2003 306 2048 partes
321 1997 538 2034 honestatis.
581 1996 712 2045 Atque
731 1996 824 2033 illud
844 1996 1016 2046 superius
1028 1996 1080 2033 sic
1091 1996 1168 2033 fere
1189 1995 1330 2033 definiri
1344 1996 1457 2033 solet:

180 2057 360 2094 decorum
386 2057 424 2094 id
452 2069 544 2100 esse,
566 2056 668 2105 quod
696 2060 988 2093 consentaneum
1015 2055 1062 2092 sit
1090 2055 1248 2092 hominis
1278 2056 1458 2093 excellen-

181 2117 263 2161 tiae,
283 2117 320 2154 in
348 2129 403 2160 eo,
424 2116 462 2153 in
489 2128 565 2166 quo
592 2120 726 2152 natura
754 2115 835 2165 ejus
855 2128 877 2151 a
899 2115 1047 2166 reliquis
1075 2115 1324 2152 animantibus
1355 2115 1459 2153 diffe-

117 2181 159 2214 12
181 2181 249 2214 rat.
299 2176 394 2220 Quae
415 2180 542 2212 autem
562 2187 649 2224 pars
669 2175 842 2224 subjecta
859 2175 989 2225 generi
1007 2180 1077 2219 est,
1093 2187 1176 2212 eam
1195 2175 1246 2212 sic
1267 2175 1458 2220 definiunt,

180 2241 223 2274 ut
250 2236 289 2273 id
317 2236 497 2273 decorum
525 2235 641 2272 velint
668 2247 761 2278 esse,
782 2235 885 2284 quod
913 2234 965 2271 ita
994 2239 1138 2271 naturae
1169 2240 1461 2272 consentaneum

181 2296 239 2339 sit,
261 2301 304 2333 ut
322 2296 359 2332 in
378 2308 423 2333 eo
442 2294 648 2332 moderatio
674 2299 712 2331 et
739 2294 987 2343 temperantia
1015 2299 1196 2344 appareat
1224 2307 1310 2331 curn
1338 2294 1461 2344 specie

181 2356 347 2406 quadam
373 2355 526 2392 liberali.
581 2354 769 2391 XXVIII.
800 2353 896 2391 Haec
924 2354 977 2391 ita
1002 2353 1158 2405 intelligi
1177 2366 1379 2404 possumus
1398 2366 1461 2390 ex-

182 2415 346 2453 istimare
366 2428 412 2453 ex
431 2427 477 2453 eo
495 2414 646 2457 decom,
666 2413 768 2464 quod
797 2418 922 2464 poe'tae
950 2418 1182 2464 sequuntur:
1212 2413 1261 2451 de
1287 2426 1364 2464 quo
1390 2412 1460 2451 alio
