1674 2754
160 214 232 248 116
709 223 758 247 DE
779 223 944 247 orrlcns

222 309 420 359 exposuit:
450 309 671 346 sententiam
697 322 744 346 ne
769 308 919 351 diceret,
941 308 1151 351 recusavit;
1180 320 1294 358 quam
1322 302 1387 345 diu
1410 306 1494 358 jure

180 374 202 406 3
219 368 381 420 jurando
401 368 564 406 hostium
588 373 788 413 teneretur,
808 381 883 405 non
911 380 992 405 esse
1020 381 1060 404 se
1087 372 1308 413 senatorem.
1365 368 1494 420 Atque

222 429 314 467 illud
334 428 445 466 etiam
467 427 505 480 (o
525 429 682 466 stultum
702 429 900 472 hominem,
922 427 1056 465 dixerit
1075 427 1270 477 quispiam,
1292 432 1330 464 et
1357 440 1495 478 repug-

221 493 372 527 nantem
383 489 533 526 utilitati
547 502 625 527 suae
644 488 666 540 !)
696 489 804 525 reddi
818 488 996 539 captivos,
1013 487 1164 539 negavit
1178 500 1259 525 esse
1274 488 1386 526 utile:
1414 488 1496 525 illos

222 550 319 587 enim
347 549 605 586 adolescentes
634 561 715 586 esse
743 554 781 585 et
808 549 926 586 bonos
958 548 1085 591 duces,
1106 560 1146 585 se
1173 548 1253 598 jam
1284 548 1496 585 confectum

178 613 202 648 4
222 614 425 647 senectute.
483 609 603 659 Cujus
631 622 718 646 eum
746 609 923 645 valuisset
952 607 1166 652 auctoritas,
1197 608 1335 658 captivi
1361 608 1497 645 retenti

221 675 319 713 sunt,
339 669 428 719 ¹ipse
461 669 737 719 Karthaginem
767 668 904 705 rediit:
932 680 1053 718 neque
1082 680 1169 705 eum
1200 667 1335 705 caritas
1366 667 1499 717 patriae

178 736 200 767 5
220 729 381 773 retinuit,
402 741 469 765 nec
490 741 652 765 suorum.
711 728 845 778 Neque
859 740 947 765 vero
963 733 1043 765 tum
1059 727 1268 778 ignorabat,
1289 740 1329 765 se
1347 727 1397 764 ad
1417 740 1497 764 cru-

221 789 451 826 delissimum
469 789 618 825 hostem
637 792 675 825 et
702 788 751 824 ad
771 788 954 838 exquisita
982 788 1166 838 supplicia
1193 787 1401 838 proficisci:
1431 787 1500 824 sed

178 853 199 886 6
217 849 279 899 jus
296 848 500 898 jurandum
520 848 818 884 conservandum
846 849 1015 898 putabat.
1072 848 1206 898 Itaque
1226 852 1320 892 tum,
1342 860 1428 885 cum
1450 847 1500 884 vi-

220 907 371 959 gilando
390 908 605 951 necabatur,
627 916 707 944 erat
722 908 759 944 in
778 908 927 944 meliore
943 921 1067 951 eausa,
1086 921 1199 959 quam
1218 908 1248 944 si
1269 908 1369 945 domi
1388 920 1501 944 senex

179 969 199 1006 ’ἶ
221 968 402 1018 captivus,
424 968 596 1017 perjurus
617 967 818 1004 consularis
837 967 1085 1005 remansisset.
1133 967 1190 1004 At
1206 967 1331 1011 stulte,
1347 967 1410 1017 qui
1428 980 1501 1004 non

220 1028 334 1065 modo
355 1041 427 1064 non
447 1027 631 1064 censuerit
650 1027 818 1077 captivos
846 1027 1105 1072 remittendos,
1127 1040 1258 1064 verum
1287 1027 1399 1064 etiam
1427 1027 1500 1064 dis-

179 1094 200 1126 8
221 1088 387 1126 suaserit.
447 1087 644 1132 Quomodo
672 1088 820 1125 stulte?
850 1087 1010 1125 etiamne
1040 1088 1070 1124 si
1097 1087 1151 1124 rei
1180 1086 1341 1137 publicae
1362 1087 1502 1124 condu-

222 1148 360 1185 cebat‘?
389 1148 521 1184 Potest
533 1152 670 1191 autem,
686 1147 789 1197 quod
804 1147 931 1184 inutile
951 1147 1177 1198 reipublicae
1196 1147 1254 1191 sit,
1270 1146 1309 1184 id
1330 1147 1503 1197 cuiquam

221 1207 291 1245 civi
309 1207 398 1244 utile
419 1219 500 1244 esse
517 1208 533 1244 ‘2
589 1207 775 1244 XXVIII.
805 1207 1032 1244 Pervertunt
1050 1207 1220 1244 homines
1235 1219 1292 1250 ea,
1311 1219 1396 1257 quae
1415 1212 1503 1243 sunt

220 1267 465 1304 fundamenta
488 1272 646 1310 naturae,
668 1279 754 1303 cum
772 1267 971 1304 utilitatem
992 1267 1040 1304 ab
1060 1267 1256 1304 honestate
1286 1267 1503 1317 sejungunt.

223 1327 363 1364 Omnes
392 1327 490 1364 enim
510 1327 720 1377 expetimus
747 1327 959 1371 utilitatem,
981 1325 1029 1363 ad
1050 1338 1208 1376 eamque
1234 1326 1415 1377 rapimur,
1435 1338 1503 1363 nec

180 1392 202 1425 2
222 1387 346 1425 facere
365 1387 472 1423 aliter
491 1387 567 1423 ullo
587 1387 700 1424 modo
720 1399 933 1436 possumus.
990 1386 1091 1422 Nam
1112 1386 1194 1435 quis
1223 1391 1292 1429 est,
1314 1386 1378 1436 qui
1398 1386 1505 1423 utilia

222 1446 375 1497 fugiat?
405 1452 471 1483 aut
491 1447 574 1496 quis
595 1446 730 1496 potius,
754 1446 818 1496 qui
844 1458 888 1482 ea
906 1458 981 1482 non
1010 1445 1280 1482 studiosissime
1301 1457 1504 1496 persequa-

181 1511 202 1545 3
223 1507 316 1543 tur?
374 1505 450 1542 Sed
472 1506 558 1555 quia
585 1518 771 1555 nusquam
799 1517 1012 1555 possumUS,
1042 1505 1111 1542 nisi
1140 1505 1178 1541 in
1206 1504 1331 1549 laude,
1353 1505 1503 1549 decore,

223 1566 420 1604 honestate
443 1565 548 1602 utilia
566 1565 741 1616 reperire,
763 1570 967 1615 propterea
985 1565 1048 1602 illa
1068 1564 1188 1615 prima
1215 1569 1253 1602 et
1272 1577 1422 1602 summa
1439 1565 1506 1601 ha-

223 1626 382 1669 bemus;
411 1625 580 1662 utilitatis
608 1637 743 1662 nomen
770 1637 845 1662 non
871 1629 950 1662 tam
980 1624 1219 1675 splendidum
1238 1637 1353 1675 quam
1380 1637 1507 1662 neces-

226 1685 365 1723 sarium
385 1685 569 1722 ducimus.

181 1739 205 1783 4
279 1745 378 1790 Quid
410 1749 468 1782 est
499 1745 624 1796 igitur,
645 1744 779 1782 dixerit
808 1744 903 1794 quis,
934 1743 971 1781 in
997 1743 1102 1794 jure
1137 1743 1372 1794 jurando?
1403 1744 1508 1781 Num

224 1803 359 1842 iratum
374 1805 547 1842 timemus
560 1805 583 1843 J
587 1805 720 1842 ovem?
749 1805 806 1841 At
817 1805 890 1841 hoc
904 1803 1055 1854 quidem
1068 1816 1262 1840 commune
1276 1809 1333 1841 est
1344 1803 1510 1841 omnium

226 1864 546 1915 philosophorum,
579 1877 653 1901 non
683 1877 813 1901 eorum
845 1863 971 1907 modo,
1006 1863 1069 1912 qui
1102 1862 1216 1899 deum
1247 1863 1337 1900 nihil
1369 1863 1510 1901 habere

226 1924 351 1974 ipsum
378 1924 517 1975 negotii
536 1924 676 1968 dicunt,
696 1923 786 1961 nihil
805 1923 981 1960 exhibere
1001 1922 1118 1966 alteri,
1140 1922 1207 1959 sed
1236 1935 1365 1960 eorum
1384 1923 1509 1966 etiam,

227 1983 292 2034 qui
319 1983 433 2021 deum
462 1996 611 2035 semper
643 1996 755 2035 agere
783 1983 924 2033 aliquid
952 1987 990 2019 et
1019 1982 1139 2019 moliri
1158 1982 1298 2027 volunt,
1319 1996 1508 2034 nunquam

184 2049 207 2082 5
226 2055 296 2080 nec
310 2043 416 2080 irasci
431 2043 556 2087 deum,
573 2056 640 2081 nec
656 2056 801 2081 nocere.
846 2042 945 2087 Quid
960 2047 1087 2079 autem
1101 2042 1218 2079 iratus
1232 2043 1256 2080 J
1260 2043 1411 2093 uppiter
1425 2043 1511 2093 plus

227 2115 362 2140 nocere
378 2103 572 2153 potuisset,
587 2116 699 2153 quam
713 2102 840 2140 nocuit
855 2102 923 2140 sibi
937 2102 1017 2152 ipse
1033 2102 1203 2153 Regulus
1220 2103 1236 2139 ‘2
1267 2102 1384 2140 Nulla
1397 2103 1508 2154 igitur

187 2167 209 2201 6
229 2162 284 2200 vis
311 2162 381 2200 fuit
411 2163 608 2214 religionis,
630 2176 714 2212 quae
742 2167 888 2199 tantam
921 2161 1121 2199 utilitatem
1150 2168 1391 2212 perverteret.
1446 2163 1509 2200 An

229 2234 276 2259 ne
295 2222 454 2273 turpiter
472 2223 643 2260 faceret?
689 2222 872 2265 Primum,
885 2221 1036 2258 minima
1052 2221 1098 2259 de
1113 2222 1231 2260 malis.
1262 2222 1382 2277 'Num
1396 2222 1511 2274 igitur

231 2286 378 2319 tantum
396 2283 485 2320 mali
503 2282 698 2332 turpitudo
717 2282 789 2319 ista
807 2282 983 2325 habebat,
1005 2287 1188 2332 quantum
1207 2283 1268 2321 ille
1288 2282 1510 2322 cruciatus?

189 2341 211 2379 '7
233 2340 380 2380 Deinde
399 2343 492 2380 illud
511 2342 623 2380 etiam
643 2342 746 2393 apud
765 2342 928 2385 Attium,

798 2400 997 2450 Freyistin’
1010 2401 1160 2451 fidem?

371 2463 504 2514 Neque
521 2462 615 2508 dedi,
634 2474 748 2512 neque
766 2462 813 2499 do
831 2462 975 2511 infideli
999 2462 1186 2512 cuiquam,
