1674 2754
111 184 159 218 82
667 193 716 216 DE
738 192 908 217 orneris

137 281 160 314 4
179 277 382 315 Africanus
401 278 515 315 nihilo
533 278 755 329 locupletior
772 277 1006 328 Karthagine
1034 289 1173 314 eversa.
1229 276 1328 322 Quid
1344 277 1361 314 ‘2
1399 277 1461 327 qui

179 337 262 388 ejus
292 338 439 389 collega
468 338 539 374 fuit
565 338 603 375 in
631 350 798 382 censura,
819 337 860 374 L.
882 337 1098 381 Mummius,
1126 336 1309 387 numquid
1337 336 1461 386 copio-

180 397 264 442 sior,
279 410 366 435 cum
381 397 674 448 copiosissimam
694 398 827 434 urbem
846 396 1015 433 funditus
1036 396 1246 434 sustulisset
1258 397 1276 434 ‘2
1314 396 1461 434 Italiam

179 469 322 501 ornare,
343 469 457 507 quam
477 457 632 494 domum
657 470 775 500 suam,
796 457 938 494 maluit.
995 457 1233 506 Quamquam
1264 456 1375 493 Italia
1404 468 1461 493 or-

137 523 159 555 5
179 522 278 561 nata,
295 517 430 554 domus
448 517 530 567 ipsa
547 517 638 554 mihi
650 517 798 554 videtur
812 516 985 554 ornatior.
1029 516 1187 553 Nullum
1205 516 1319 567 igitur
1331 516 1461 552 vitium

180 577 324 614 taetrius
344 582 401 614 est
431 575 489 628 (ut
509 589 565 621 eo,
586 577 687 614 unde
715 589 866 627 egressa
886 580 954 619 est,
975 576 1114 613 referat
1134 588 1173 612 se
1193 575 1328 624 oratio)
1349 587 1462 625 quam

179 637 343 680 avaritia,
365 637 574 687 proesertim
593 636 630 673 in
649 636 879 687 principibus
907 649 986 672 rem
1014 635 1204 686 publicam
1223 635 1462 686 gubernanti-

137 700 158 733 6
179 697 261 734 bus.
318 697 470 734 Habere
490 696 587 733 enim
607 696 769 746 quaestui
787 709 866 733 rem
886 695 1077 746 publicam
1106 708 1181 732 non
1208 694 1322 732 modo
1353 699 1462 745 turpe

138 757 158 794 7
180 761 247 800 est,
269 756 336 793 sed
356 756 580 793 sceleratum
601 756 714 793 etiam
733 760 771 792 et
790 755 984 793 nefarium.
1041 756 1175 805 Itaque
1202 754 1303 805 quod
1323 754 1464 804 Apollo

179 816 341 866 Pythius
361 815 554 852 oraculum
583 815 710 859 edidit,
733 815 910 865 Spartam
930 815 1032 852 nulla
1051 827 1091 852 re
1111 815 1193 858 alia,
1214 814 1283 851 nisi
1310 813 1464 851 avaritia

180 888 261 912 esse
295 875 512 925 perituram,
545 875 584 911 id
616 874 766 911 videtur
797 888 871 912 non
905 875 1027 912 solum
1058 874 1364 917 Lacedaemoniis,
1396 873 1464 910 sed

138 940 159 972 8
180 935 294 971 etiam
314 934 487 971 omnibus
513 934 699 984 opulentis
728 934 878 984 populis
908 934 1136 984 praedixisse.
1192 934 1308 971 Nulla
1337 938 1464 970 autem

179 1007 219 1031 re
250 994 445 1031 conciliare
477 994 621 1031 facilius
650 994 938 1031 benivolentiam
966 993 1216 1030 multitudinis
1245 997 1402 1043 possunt
1428 993 1463 1037 ii,

180 1055 243 1104 qui
262 1054 314 1091 rei
333 1054 496 1104 publicae
516 1059 694 1104 praesunt,
712 1066 826 1103 quam
846 1053 1069 1091 abstinentia
1089 1058 1127 1090 et
1147 1053 1383 1092 continentia,

138 1119 159 1151 9
234 1114 306 1159 Qui
334 1126 422 1150 vero
455 1126 495 1150 se
529 1113 730 1163 populares
762 1113 904 1156 volunt,
940 1114 989 1150 ob
1023 1125 1182 1163 eamque
1215 1125 1366 1150 causam
1399 1117 1465 1150 aut

180 1173 366 1224 agrariam
385 1185 465 1210 rem
484 1177 642 1216 tentant,
664 1178 707 1209 ut
726 1185 960 1222 possessores
980 1173 1169 1222 pellantur
1196 1172 1273 1209 suis
1300 1172 1464 1216 sedibus,

181 1238 247 1270 aut
266 1232 443 1283 pecunias
465 1232 624 1270 creditas
645 1232 876 1269 debitoribus
896 1232 1162 1269 condonandas
1182 1236 1342 1281 putant:
1362 1232 1464 1269 labe-

181 1293 326 1330 factant
354 1292 600 1329 fundamenta
619 1292 669 1328 rei
699 1292 886 1342 publicae;
916 1291 1153 1329 concordiam
1185 1291 1359 1341 primum,
1380 1304 1465 1342 quae

181 1366 262 1390 esse
292 1365 367 1389 non
396 1357 533 1403 potest,
555 1365 641 1389 cum
670 1352 748 1389 aliis
778 1352 1004 1396 adimuntur,
1025 1352 1103 1388 aliis
1124 1351 1381 1389 condonantur
1400 1364 1464 1402 pe-

182 1413 318 1456 cuniae;
340 1411 475 1449 deinde
496 1412 722 1462 aequitatem,
739 1424 824 1461 quae
843 1412 986 1448 tollitur
1000 1412 1131 1456 omnis,
1148 1412 1178 1448 si
1196 1411 1336 1449 habere
1356 1425 1466 1448 suum

117 1477 162 1510 10
182 1472 315 1522 cuique
334 1485 409 1509 non
427 1471 523 1509 licet.
572 1471 619 1508 Id
640 1471 737 1508 enim
757 1476 815 1508 est
834 1471 1027 1522 proprium
1050 1470 1108 1522 (ut
1136 1484 1250 1522 supra
1269 1470 1359 1522 dixi)
1380 1471 1465 1508 civi·

183 1533 270 1569 tatis
290 1536 404 1582 atque
423 1531 537 1575 urbis,
553 1536 597 1568 ut
612 1531 641 1568 si
660 1531 776 1569 libera
791 1536 829 1568 et
846 1544 920 1568 non
940 1531 1097 1568 sollicita
1117 1544 1196 1568 suae
1215 1532 1267 1568 rei
1282 1531 1466 1582 cujusque

116 1596 159 1629 11
182 1591 362 1629 custodia.
420 1592 552 1641 Atque
582 1591 619 1628 in
648 1591 719 1628 hac
750 1591 910 1641 pernicie
939 1591 991 1627 rei
1020 1591 1182 1641 publicae
1200 1591 1368 1628 ncillam
1387 1590 1466 1641 qui-

116 1657 162 1689 12
185 1652 271 1689 dem
305 1656 599 1701 consequuntur,
629 1663 743 1701 quam
776 1655 923 1701 putant,
959 1650 1130 1702 gratiam.
1186 1651 1286 1688 Nam
1319 1651 1378 1688 cui
1407 1663 1466 1688 res

182 1716 312 1761 erepta
340 1716 408 1755 est,
439 1716 496 1748 est
525 1711 716 1748 inimicus:
746 1711 806 1747 cui
836 1711 924 1748 data
954 1716 1021 1754 est,
1045 1711 1157 1747 etiam
1186 1710 1406 1755 dissimulat,
1427 1723 1466 1749 se

182 1771 352 1820 accipere
385 1770 568 1807 voluisse:
599 1775 637 1807 et
667 1770 827 1807 maxime
857 1770 894 1807 in
924 1770 1089 1820 pecuniis
1121 1770 1268 1807 creditis
1302 1771 1468 1807 occultat

117 1835 161 1867 13
183 1843 293 1867 suum
321 1829 515 1880 gaudium,
544 1842 591 1866 ne
610 1829 782 1866 videatur
808 1842 883 1866 non
912 1829 1026 1866 fuisse
1057 1829 1248 1867 solvendo.
1303 1830 1359 1866 At
1378 1842 1467 1867 vero

181 1890 252 1933 ille,
275 1889 338 1939 qui
358 1889 503 1939 accepit
529 1889 712 1940 injuriam,
734 1893 772 1926 et
790 1889 969 1933 meminit,
991 1894 1029 1926 et
1049 1901 1128 1939 proe
1147 1901 1186 1926 se
1206 1889 1278 1926 fert
1299 1889 1466 1926 dolorem

182 1962 313 1986 suum:
344 1962 424 1993 nec,
459 1949 489 1985 si
522 1949 650 1999 plures
683 1953 770 1985 sunt
801 1949 835 1992 ii,
870 1949 1005 1999 quibus
1038 1949 1208 1999 improbe
1237 1948 1368 1985 datum
1395 1953 1464 1993 est,

184 2022 297 2059 quam
327 2009 390 2052 illi,
413 2009 549 2058 quibus
578 2008 716 2059 injuste
743 2008 964 2058 ademptum
985 2013 1052 2051 est,
1073 2008 1210 2045 ide-irco
1239 2008 1325 2058 plus
1354 2009 1465 2046 etiam

185 2069 318 2106 valent.
375 2068 463 2105 Non
495 2067 593 2105 enim
625 2080 782 2106 numero
815 2068 896 2105 haec
927 2067 1156 2118 judicantur,
1187 2068 1255 2105 sed
1287 2068 1464 2118 pondere.

121 2133 162 2167 14
184 2130 306 2174 Quam
335 2133 462 2164 autem
494 2128 611 2165 habet
642 2128 871 2178 aequitatem,
892 2133 935 2164 ut
953 2140 1088 2179 agrum
1115 2127 1242 2165 multis
1263 2128 1378 2172 annis,
1400 2134 1467 2166 aut

183 2189 297 2226 etiam
325 2187 482 2230 saeculis,
504 2192 591 2224 ante
622 2200 849 2238 possessum,
871 2187 935 2237 qui
962 2187 1107 2224 nullum
1136 2187 1278 2231 habuit,
1300 2188 1463 2225 habeat.-

184 2249 248 2299 qui
266 2253 394 2285 autem
412 2247 556 2290 habuit,
577 2247 754 2284 amittat?
801 2247 948 2284 XXIII.
976 2248 1036 2284 Ac
1057 2252 1213 2298 propter
1232 2248 1303 2284 hoc
1322 2247 1466 2298 injuriae

182 2321 303 2360 genus
322 2306 597 2344 Laeedaemonii
615 2306 855 2357 Lysandrum
875 2307 1059 2356 ephorum
1086 2307 1333 2357 expulerunt;
1363 2307 1463 2358 Agin

183 2380 323 2419 regem,
340 2366 443 2417 quod
462 2379 654 2416 nunquam
673 2371 783 2403 antea
801 2366 905 2416 apud
925 2378 988 2403 eos
1008 2366 1207 2410 acciderat,
1224 2371 1463 2404 necaverunt.

141 2432 164 2467 2
183 2428 316 2479 Exque
345 2438 390 2464 eo
420 2430 590 2476 tempore
617 2431 734 2464 tantae
761 2425 959 2463 discordiae
986 2431 1128 2464 secutae
1156 2431 1254 2469 sunt,
1275 2430 1319 2463 ut
1338 2429 1377 2463 et
1403 2430 1462 2476 ty-
