1674 2754
569 182 681 207 LIBER
699 183 724 207 1.
781 182 868 207 CAP.
889 183 1024 206 xxxm.
1420 172 1468 206 43

115 268 310 318 quoddam
339 267 553 306 institutum
584 272 885 319 consequantur:
919 267 1154 318 maximeque
1182 269 1219 305 in
1248 282 1292 306 eo
1321 269 1398 318 ple-

114 341 273 379 rumque
293 328 488 366 elaborant
507 328 541 372 ii,
563 328 627 379 qui
646 341 785 379 magna
804 328 873 366 sibi
892 332 1119 379 proponunt,
1141 327 1310 365 obscuris
1330 328 1400 365 orti

114 388 330 438 maioribus.
385 387 480 425 Haee
509 388 623 440 igitur
645 389 779 432 omnia,
801 401 887 425 cum
907 388 1122 438 quaerimus,
1143 387 1234 438 quid
1254 387 1398 431 doceat,
1422 388 1442 425 7

114 448 314 499 complecti
333 447 455 485 animo
475 453 513 486 et
532 448 970 500 eogitationedebemuS.

118 529 138 540 -.
166 507 212 545 In
239 508 366 558 primis
395 506 524 546 autem
554 509 859 546 constituendum
887 513 955 553 est,
985 521 1081 559 quos
1108 521 1176 545 nos
1205 512 1243 545 et
1271 507 1400 558 quales
1421 513 1442 545 8

113 580 195 605 esse
222 567 390 614 velimus,
421 573 459 606 et
491 569 529 606 in
556 582 630 620 quo
662 581 800 619 genere
827 569 939 606 vitae:
980 581 1066 618 quae
1093 568 1312 606 deliberatio
1343 572 1401 604 est

113 628 280 666 omnium
313 628 539 666 difficillima.
596 629 757 666 Ineunte
790 629 888 666 enim
921 628 1184 672 adolescentia,
1221 641 1307 665 cum
1340 634 1400 664 est
1422 632 1443 665 9

112 688 274 725 maxima
300 689 534 726 imbecillitas
561 689 713 732 consilii,
734 693 817 726 tum
837 689 874 726 id
895 689 964 726 sibi
983 689 1141 739 quisque
1169 700 1289 739 genus
1310 691 1399 724 aeta-

115 748 159 786 tis
179 748 364 800 degendae
383 749 586 793 constituit,
603 749 706 800 quod
725 749 887 786 maxime
907 749 1108 786 adamavit.
1157 749 1294 798 Itaque
1313 752 1401 785 ante

111 808 324 859 implicatur
353 809 478 860 aliquo
510 813 624 858 certo*
644 821 782 860 genere
811 822 999 860 cursuque
1018 808 1177 852 vivendi,
1199 821 1314 858 quam
1333 820 1399 858 po-

114 868 194 912 tuit,
215 868 318 919 quod
347 869 532 920 optimum
560 874 670 913 esset,
697 869 879 920 judicare.
922 868 1398 921 'Namquod‘Herculem
1422 872 1468 905 10

113 929 327 967 Prodicium
352 929 484 967 dicunt
506 928 564 981 (ut
584 934 642 966 est·
661 929 766 979 apud
792 927 1101 980 Xenophontem)
1123 941 1210 965 cum
1237 928 1399 978 primum

113 989 336 1039 pubesceret
370 987 490 1041 (quod
522 993 673 1039 tempus
706 1001 729 1026 a
756 994 891 1026 natura
918 988 968 1026 ad
1001 988 1256 1040 deligendum,
1286 1001 1399 1038 quam

112 1049 269 1099 quisque
297 1049 396 1086 viam
420 1049 570 1086 vivendi
598 1049 645 1086 sit
672 1049 921 1100 ingressurus,
952 1049 1084 1086 datum
1113 1048 1185 1100 est)
1216 1048 1335 1086 exisse
1362 1049 1399 1085 in

112 1109 361 1153 solitudinem,
383 1113 498 1159 atque
530 1109 582 1147 ibi
610 1109 804 1146 sedentem
826 1109 892 1146 diu
917 1121 1046 1146 secum
1073 1109 1311 1158 multumque
1331 1109 1399 1146 du-

111 1169 263 1214 bitasse,
285 1182 372 1206 cum
403 1168 497 1206 duas
529 1173 699 1206 cerneret
728 1169 818 1213 vias,
848 1181 963 1205 unam
989 1168 1222 1219 Voluptatis,
1244 1168 1400 1205 alteram

111 1229 283 1274 Virtutis,
303 1233 428 1266 utram
445 1228 591 1280 ingredi
609 1229 743 1266 melius
763 1233 887 1273 esset3
915 1229 988 1266 hoe
1009 1228 1174 1272 Herculi,
1190 1228 1294 1266 Jovis
1315 1233 1400 1266 satu
1422 1233 1464 1267 11

112 1289 224 1333 edito,
254 1289 378 1340 potuit
406 1289 566 1326 fortasse
597 1289 835 1340 contingere:
868 1289 976 1327 nobis
1004 1302 1079 1326 non
1105 1288 1207 1333 item,
1229 1289 1293 1339 qui
1320 1289 1399 1326 imi-

112 1354 246 1394 tamur,
270 1362 366 1400 quos
394 1349 529 1400 cuique
548 1349 670 1387 visum
690 1354 758 1393 est,
780 1354 895 1400 atque
921 1349 971 1386 ad
999 1361 1131 1386 eorum
1153 1349 1279 1386 studia
1297 1349 1398 1387 insti-

111 1415 269 1461 tutaque
287 1409 534 1461 impellimur3
563 1409 785 1460 plerumque
804 1414 944 1454 autem,
966 1413 1166 1460 parentum
1196 1410 1398 1460 praeceptis
1423 1414 1468 1447 12

111 1470 257 1514 imbuti,
271 1469 322 1508 ad
340 1482 470 1507 eorum
485 1470 795 1507 consuetudinem
811 1460 1030 1520 moremeue
1046 1470 1278 1508 deducimur.
1322 1471 1398 1507 Alii

111 1529 360 1568 multitudinis
385 1529 527 1580 judicio
554 1530 736 1574 feruntur,
758 1524 1073 1580 quaeque'majori
1101 1530 1199 1581 parti
1224 1530 1398 1580 pulcher-

112 1590 205 1627 rima
222 1589 409 1634 videntur,
430 1601 475 1626 ea
492 1589 655 1626 maxime
675 1594 820 1640 optant.
877 1589 1058 1627 Nonnulli
1076 1591 1204 1626 tamen
1221 1590 1299 1627 Sive
1318 1590 1396 1627 feli-
1421 1594 1467 1628 13

112 1650 224 1687 citate
252 1649 429 1700 quadam,
459 1649 537 1686 sive
569 1649 738 1686 bonitate
771 1651 926 1694 natu‘rae,
957 1649 1034 1686 sive
1062 1654 1262 1700 parentum
1291 1650 1398 1687 disci-

113 1710 224 1761 plina,
244 1713 387 1747 rectam
406 1709 494 1746 vitae
519 1709 639 1746 secuti
658 1713 746 1746 sunt
764 1709 874 1746 viam.
929 1710 1116 1747 XXXIII.
1148 1709 1249 1747 Illud
1269 1714 1396 1748 autem
1421 1709 1431 1713 ’

111 1770 269 1807 maxime
280 1782 409 1807 rarum
421 1781 540 1820 genus
550 1773 608 1806 est
619 1781 761 1813 eorum,
773 1769 836 1819 qui
848 1774 914 1806 aut
926 1769 1131 1807 excellente
1143 1770 1279 1821 ingenii
1291 1783 1396 1822 mag-

111 1829 290 1874 nitudine,
306 1833 372 1866 aut
391 1829 573 1880 praeelara
593 1828 801 1880 eruditione
821 1833 935 1879 atque
951 1829 1136 1874 doctrina,
1154 1835 1221 1868 aut
1235 1831 1396 1881 utraque

110 1902 150 1927 re
180 1889 311 1934 ornati,
343 1889 507 1940 spatium
535 1889 649 1926 etiam
679 1888 911 1927 deliberandi
943 1890 1169 1935 habuerunt,
1190 1903 1303 1940 quem
1330 1903 1395 1941 po-

111 1950 296 1988 tissimum
313 1949 400 1987 vitae
419 1951 584 1987 cursum'
597 1949 703 2000 sequi
722 1949 881 1987 vellent:
910 1950 948 1987 in
968 1962 1042 2001 qua
1062 1950 1327 1988 deliberatione
1347 1950 1394 1988 ad
1417 1956 1437 1988 ‘2

110 2023 218 2048 suam
251 2009 434 2061 cujusque
455 2013 638 2051 ,naturam
671 2010 864 2047 consilium
898 2014 957 2047 est
989 2023 1100 2047 omne
1128 2010 1392 2048 revocandum.

110 2071 212 2108 Nam
249 2082 336 2108 cum
371 2069 409 2107 in
441 2069 625 2113 omnibus,
659 2082 747 2120 quae
783 2074 960 2121 aguntur,
995 2082 1042 2107 ex
1078 2083 1134 2114 eo,
1168 2083 1244 2121 quo
1273 2070 1396 2112 ¹modo
1415 2075 1437 2108 3

110 2130 267 2181 quisque
293 2134 405 2167 natus
433 2133 492 2167 est
518 2127 577 2182 (ut
596 2142 712 2181 supra
732 2129 875 2180 dictum
896 2128 969 2182 est)
990 2130 1082 2181 quid
1103 2130 1246 2175 deceat,
1267 2131 1394 2181 exqui-

110 2190 225 2227 rimus
241 2202 250 2233 ;
277 2193 360 2227 tum
387 2189 426 2226 in
453 2193 534 2227 tota
553 2189 630 2226 vita
650 2190 923 2234 constituenda,
945 2191 1066 2228 multo
1086 2195 1144 2240 est
1165 2204 1255 2228 cura
1274 2192 1395 2241 major

110 2248 336 2294 adhibenda,
364 2253 407 2286 ut
439 2253 622 2307 constare(
637 2249 674 2287 in
701 2249 789 2287 vitae
821 2251 1074 2300 perpetuitate
1108 2251 1295 2301 possimus
1329 2264 1393 2287 no-

110 2309 246 2348 bismet
274 2309 374 2359 ipsiS,
393 2321 462 2346 nec
486 2308 524 2346 in
543 2309 620 2346 ullo
640 2309 762 2347 officio'
780 2310 1020 2348 claudicare(
1060 2311 1126 2348 Ad
1146 2311 1243 2348 hanc
1263 2315 1392 2347 autem
1414 2315 1433 2347 4

109 2368 293 2406 rationem·
316 2368 490 2419 q'uoniam
518 2369 722 2406 maximam
740 2369 816 2407 vim
834 2374 970 2407 natura
989 2370 1116 2414 habet,
1137 2371 1288 2408 fortuna
1307 2383 1392 2420 pro-

109 2427 269 2473 ximam3
297 2427 491 2479 utriusque
510 2429 659 2466 omnino
678 2429 853 2467 habenda
867 2429 962 2467 ratio
977 2434 1035 2467 est
1052 2430 1089 2467 in
1109 2429 1310 2480 deligendo
1328 2442 1392 2481 ge-
