1674 2754
183 186 232 225 72
740 200 788 224 DE
808 200 974 226 ormons

251 289 309 322 est
323 284 432 328 enim,
445 297 557 335 quam
569 285 817 335 eloquentiam
830 285 1002 337 dicimus)
1018 299 1026 330 ;
1047 287 1114 324 sed
1128 292 1251 325 tamen
1263 288 1409 326 difficile
1421 288 1521 326 dictu

251 349 319 387 est,
340 349 479 394 quanto
498 358 610 395 opere
631 346 798 382 conciliet
817 346 959 383 animos
985 347 1140 384 comitas
1160 348 1428 398 affabilitasque
1448 360 1522 385 ser-

210 408 231 441 2
251 404 380 442 monis.
423 404 563 441 Extant
583 405 763 455 epistolae,
785 410 822 442 et
841 406 1008 455 Philippi
1026 406 1075 442 ad
1094 407 1363 451 Alexandrum,
1385 412 1423 444 et
1441 408 1522 444 An-

251 464 376 514 tipatri
386 463 434 500 ad
451 464 715 507 Cassandrum,
730 469 767 500 et
779 464 961 515 Antigoni
975 465 1023 501 ad
1038 465 1255 516 Philippum
1271 467 1396 510 filium,
1410 467 1523 505 trium

251 523 635 573 prudentissimorum,
660 523 726 575 (sic
750 524 846 560 onim
869 524 1110 574 aocepimus,)
1131 525 1267 574 quibus
1291 526 1520 576 praecipiunt‚

250 588 294 620 ut
324 583 489 620 oratione
517 583 680 633 benigna
711 583 958 620 multitudinis
986 584 1127 621 animos
1155 585 1203 621 ad
1238 585 1523 623 benivolentiam

208 647 229 680 3
250 643 422 686 alliciant,
439 642 647 692 militesque
667 642 803 680 blande
818 643 1043 693 appellando
1058 644 1246 682 deliniant.
1286 646 1380 689 Quae
1395 650 1523 682 autem

250 702 287 740 in
306 702 542 740 multitudine
563 715 648 739 cum
671 702 905 739 contentione
932 702 1093 740 habetur
1111 704 1238 748 oratio,
1260 717 1304 741 ea
1324 717 1425 754 saepe
1443 705 1522 741 uni-

206 766 230 799 4
250 775 396 799 versam
415 762 562 799 excitat.
601 762 741 812 Magna
756 767 813 799 est
832 762 928 798 enim
943 762 1138 800 admiratio
1154 764 1302 814 copiose
1321 764 1523 814 sapienter-

250 834 323 871 que
343 821 522 858 dicentis:
553 833 666 870 quem
693 821 756 870 qui
783 821 950 864 audiunt,
972 822 1179 873 intelligere
1204 824 1316 860 etiam
1335 829 1373 861 et
1392 836 1523 874 sapere

207 887 229 919 5
251 881 336 931 plus
368 893 482 930 quam
514 885 657 917 ceteros
690 880 925 918 arbitrantur.
982 881 1022 918 Si
1054 895 1141 920 vero
1169 883 1264 919 inest
1295 883 1332 920 in
1359 884 1523 920 oratione

249 941 364 977 mixta
391 939 585 977 modestiae
613 940 791 990 gravitas,
811 940 901 977 nihil
920 940 1172 978 admirabilius
1191 942 1268 978 fieri
1288 947 1434 992 potest;
1463 955 1523 980 eo-

206 1005 228 1038 6
248 1013 321 1050 que
340 1000 472 1051 magis,
494 999 524 1036 si
543 1012 586 1036 ea
606 1005 693 1036 sunt
720 999 756 1036 in
782 999 1031 1038 adolescente.
1089 1000 1177 1045 Sed,
1199 1014 1285 1038 oum
1316 1002 1389 1039 sint
1417 1002 1520 1052 plura

249 1072 446 1098 causarum
474 1072 621 1110 genera,
644 1072 729 1109 quae
758 1059 1007 1109 eloquentiam
1037 1060 1260 1105 desiderent,
1281 1061 1462 1111 multique
1489 1062 1526 1098 in

248 1125 375 1156 nostra
393 1132 432 1156 re
453 1119 603 1169 publica
619 1118 874 1156 adolescentes
890 1125 928 1156 et
942 1120 1044 1169 apud
1060 1120 1218 1170 judices,
1235 1125 1273 1158 et
1287 1121 1389 1171 apud
1404 1134 1524 1171 popu-

249 1180 338 1223 lum,
360 1185 398 1216 et
417 1178 518 1228 apud
539 1183 712 1215 senatum
732 1178 889 1215 dicendo
909 1179 1059 1231 laudem
1080 1180 1241 1216 assecuti
1259 1180 1342 1223 sint,
1363 1180 1524 1216 maxima

207 1240 227 1278 7
249 1245 306 1278 est
325 1238 519 1276 admiratio
538 1238 574 1276 in
590 1238 737 1288 judiciis
754 1251 761 1275 ε
792 1251 951 1288 quorum
971 1239 1064 1275 ratio
1084 1239 1224 1289 duplex
1243 1245 1310 1276 est.
1359 1240 1458 1276 Nam
1477 1252 1524 1277 ex

248 1299 482 1337 accusatione
497 1303 535 1336 et
550 1299 761 1336 defensione
777 1302 922 1335 constat
937 1311 943 1335 :
964 1311 1121 1348 quarum
1141 1299 1209 1335 etsi
1229 1299 1449 1336 laudabilior
1467 1304 1525 1336 est

207 1365 229 1397 8
250 1359 428 1403 defensio,
450 1364 577 1396 tamen
603 1358 715 1395 etiam
742 1358 929 1395 accusatio
949 1358 1107 1408 probata
1127 1371 1296 1408 persaepe
1315 1363 1383 1395 est.
1439 1359 1525 1396 Dixi

250 1419 362 1469 paulo
381 1423 467 1455 ante
487 1418 533 1455 de
555 1418 701 1455 Crasso.
757 1417 867 1454 Idem
894 1417 983 1454 fecit
1010 1417 1225 1455 adolescens
1251 1418 1302 1455 M.
1323 1418 1521 1456 Antonius.

249 1479 371 1516 Etiam
390 1478 433 1515 P.
451 1478 604 1527 Sulpicii
623 1477 872 1527 eloquentiam
891 1477 1078 1514 accusatio
1097 1477 1305 1522 illustravit,
1323 1491 1409 1515 cum
1427 1478 1521 1515 sedi-

249 1539 385 1576 tiosum
405 1542 443 1574 et
460 1537 629 1574 inutilem
649 1537 778 1580 civem,
801 1537 842 1574 O.
865 1536 1096 1580 Norbanum,
1117 1537 1154 1573 in
1169 1537 1351 1588 judicium
1365 1538 1522 1576 vocavit.

206 1603 229 1637 9
249 1598 326 1636 Sed
354 1598 425 1635 hoc
446 1597 596 1648 quidem
624 1610 698 1634 non
726 1602 783 1634 est
809 1608 910 1647 saepe
937 1596 1161 1639 faciendum,
1183 1609 1252 1634 nec
1272 1609 1437 1647 unquam
1456 1597 1524 1634 nisi

248 1663 314 1696 aut
340 1658 393 1695 rei
422 1657 582 1708 publicae
611 1669 732 1700 causa,
755 1661 798 1693 ut
823 1657 856 1700 ii,
878 1669 971 1706 quos
991 1661 1076 1692 ante
1097 1656 1196 1701 dixi3
1225 1661 1292 1694 aut
1310 1657 1521 1701 ulciscendi,

247 1723 290 1755 ut
309 1718 385 1755 duo
404 1717 575 1761 Luculli3
604 1721 670 1754 aut
689 1716 892 1766 patrocinii,
909 1720 952 1753 ut
971 1729 1038 1752 nos
1058 1729 1126 1765 pro
1147 1716 1290 1759 SiculiS,
1308 1729 1375 1766 pro
1395 1716 1524 1754 Sardis

247 1777 286 1814 in
304 1777 468 1814 Albucio
486 1776 620 1814 Julius.
667 1776 713 1812 In
732 1775 944 1812 accusando
964 1775 1074 1812 etiam
1095 1775 1159 1812 Μ’.
1180 1775 1346 1825 Aquillio
1364 1776 1407 1814 L.
1428 1776 1524 1813 Fufii

183 1841 229 1875 10
249 1837 398 1887 cognita
416 1835 598 1873 industria
617 1840 684 1872 est.
725 1835 850 1872 Semel
869 1834 994 1885 igitur,
1011 1839 1076 1871 aut
1095 1838 1169 1871 non
1189 1847 1290 1884 saepe
1307 1839 1417 1872 certe.
1457 1835 1523 1872 Sin

249 1897 329 1940 erit,
352 1896 411 1933 cui
439 1895 652 1932 faciendum
682 1895 728 1932 sit
756 1894 905 1944 saepius,
925 1894 978 1931 rei
1005 1893 1167 1944 publieae
1187 1894 1328 1931 tribuat
1349 1894 1421 1931 hoc
1439 1907 1522 1932 mu-

247 1956 355 2000 neris,
377 1955 484 2006 cujus
502 1955 664 1992 inimicos
683 1954 809 1991 ulcisci
829 1953 976 2003 saepius,
990 1966 1064 1990 non
1083 1958 1140 1990 est
1158 1953 1520 2003 reprehendendum.

182 2020 226 2054 11
249 2015 387 2053 Modus
413 2020 540 2052 tamen
568 2014 675 2052 adsit.
731 2014 825 2051 Duri
850 2014 947 2051 enim
966 2013 1134 2057 hominis,
1155 2013 1214 2050 vel
1233 2013 1357 2063 potius
1375 2013 1436 2050 vix
1454 2014 1520 2051 ho-

182 2080 229 2114 12
247 2075 365 2119 minis,
381 2075 537 2118 videtur,
555 2073 761 2124 periculum
777 2073 908 2124 capitis
926 2073 1059 2110 inferre
1078 2073 1215 2110 multis
1255 2073 1302 2110 Id
1322 2087 1408 2110 cum
1427 2074 1521 2124 peri-

249 2135 417 2176 culosum
437 2134 506 2184 ipsi
522 2139 590 2177 est,
606 2139 688 2170 tum
708 2133 820 2170 etiam
836 2132 1027 2170 sordidum
1042 2132 1090 2169 ad
1109 2132 1261 2176 famam,
1278 2132 1521 2177 committere,

249 2200 292 2232 ut
311 2199 506 2231 accusator
524 2193 712 2231 nominere
729 2205 736 2230 :
766 2192 868 2242 quod
889 2192 1045 2242 contigit
1063 2192 1114 2229 M.
1136 2192 1266 2236 Bruto,
1288 2205 1434 2229 summo
1453 2205 1518 2243 ge-

249 2267 337 2292 nere
366 2258 466 2297 nato,
487 2253 584 2290 illius
614 2253 699 2296 filio,
721 2252 784 2302 qui
810 2251 903 2302 juris
932 2251 1045 2289 civilis
1070 2251 1107 2289 in
1132 2251 1259 2302 primis
1279 2251 1420 2302 peritus
1439 2251 1519 2289 fuit.

183 2319 230 2352 13
251 2314 382 2364 Atque
401 2313 513 2350 etiam
532 2313 604 2349 hoc
625 2316 859 2362 praeceptum
880 2311 987 2348 officii
1007 2311 1203 2362 diligenter
1231 2311 1433 2348 tenendum
1452 2315 1519 2353 est,

250 2386 296 2411 ne
311 2386 424 2424 quem
437 2385 603 2422 unquam
617 2372 851 2409 innocentem
867 2371 1008 2421 judicio
1023 2371 1153 2421 capitis
1169 2383 1354 2408 arcessas:
1374 2370 1412 2407 id
1425 2370 1519 2407 enim

188 2439 232 2471 14
252 2434 329 2471 sine
344 2432 483 2470 scelere
498 2432 576 2470 fieri
594 2431 697 2469 nullo
716 2435 828 2482 pacto
847 2435 982 2482 potest.
1022 2430 1121 2468 Nam
1137 2430 1227 2481 quid
1242 2435 1300 2468 est
1318 2434 1396 2468 tam
1414 2429 1520 2467 inhu-
