1674 2754
163 212 213 246 28
714 212 762 245 m:
791 221 960 246 ormons

186 309 210 343 4
282 305 329 343 Id
360 311 487 344 autem
513 306 638 357 ipsum
665 307 828 343 cernitur
846 307 883 343 in
903 306 1064 348 duobus,
1087 304 1116 341 si
1136 309 1175 342 et
1195 304 1316 342 solum
1334 303 1384 347 id,
1405 303 1507 354 quod

228 366 428 403 honestum
447 367 504 409 sit,
526 367 665 404 bonum
682 366 839 416 judices,
856 371 894 402 et
913 366 960 402 ab
980 365 1079 402 omni
1098 365 1208 401 animi
1227 364 1508 414 perturbatione

185 431 207 463 5
227 425 320 463 liber
338 426 398 463 sis.
455 426 556 462 Nam
586 431 624 462 et
654 438 709 469 ea,
731 438 817 475 quae
837 425 970 462 eximia
998 424 1185 474 plerisque
1205 428 1243 460 et
1258 423 1438 473 praeclara
1456 423 1508 459 vi-

227 485 373 529 dentur,
408 498 524 536 parva
556 485 704 528 ducere,
735 497 854 535 eaque
887 485 1028 521 ratione
1062 484 1185 520 stabili
1213 484 1393 532 firmaque
1422 495 1508 519 con-

227 549 404 589 temnere,
425 545 532 582 sortis
564 545 676 581 animi
704 545 906 595 magnique
935 544 1152 581 ducendum
1179 548 1259 580 est:
1290 548 1328 579 et
1347 555 1402 585 ea,
1423 554 1509 592 quae

228 604 403 641 videntur
431 605 577 648 acerba,
599 617 685 654 quae
712 605 832 641 multa
859 609 898 641 et
925 603 1027 640 varia
1054 603 1090 640 in
1120 603 1313 640 hominum
1332 602 1408 638 vita
1435 602 1508 638 for-

228 668 393 714 tunaque
412 669 619 708 versantur,
640 664 692 700 ita
721 664 830 707 ferre,
850 669 893 700 ut
923 663 1014 700 nihil
1044 675 1067 699 a
1097 667 1202 699 statu
1228 667 1372 698 naturae
1391 661 1509 698 disce-

229 723 309 767 das,
330 723 420 760 nihil
439 736 461 760 a
480 723 665 773 dignitate
685 723 873 773 sapientis,
894 722 1039 760 robusti
1065 722 1176 759 animi
1203 726 1261 758 est
1287 732 1510 771 magnaeque

186 786 207 820 6
230 783 458 820 constantiae.
515 783 603 820 Non
634 787 691 819 est
723 788 852 819 autem
883 787 1185 825 consentaneum,
1215 781 1279 831 qui
1306 785 1411 817 metu
1436 792 1511 816 non

228 842 434 892 frangatur,
456 854 542 879 eum
569 842 690 892 frangi
719 842 947 892 cupiditate;
975 854 1056 885 nec,
1078 841 1142 891 qui
1160 841 1339 878 invictum
1358 853 1397 877 se
1418 852 1439 876 a
1458 839 1510 876 la-

186 900 206 938 7
229 901 319 938 bore
352 901 580 951 praestiterit,
601 901 697 938 vinci
724 913 746 937 a
774 901 980 951 voluptate.
1037 901 1160 945 Quam
1188 901 1236 937 ob
1267 913 1347 937 rem
1366 905 1404 936 et
1428 900 1511 936 haec

227 960 399 1004 videnda,
421 966 459 998 et
479 961 647 1011 pecuniae
665 961 846 1012 fugienda
865 961 1061 1011 cupiditas.
1118 961 1221 997 Nihil
1241 960 1338 997 enim
1358 965 1415 996 est
1434 965 1511 996 tam

227 1021 378 1071 angusti
398 1021 510 1057 animi
529 1026 683 1071 tamque
712 1021 828 1071 parvi,
851 1033 965 1070 quam
994 1033 1119 1057 amare
1139 1020 1308 1064 divitias;
1337 1019 1428 1056 nihil
1445 1019 1511 1056 ho-

229 1080 372 1117 nestius
409 1080 782 1131 magnificentiusque
816 1093 930 1130 quam
968 1080 1166 1131 pecuniam
1203 1085 1452 1123 contemnere,
1482 1078 1512 1115 si

229 1152 303 1176 non
322 1140 473 1183 habeas,
491 1140 522 1176 si
541 1140 692 1183 habeas,
710 1140 759 1176 ad
774 1140 1057 1177 beneficentiam
1076 1140 1411 1189 liberalitatemque
1427 1151 1511 1175 con-

187 1203 208 1236 8
228 1199 335 1236 ferre.
393 1199 571 1236 Cavenda
604 1199 717 1236 etiam
747 1204 804 1236 est
835 1199 966 1250 gloriae
995 1199 1192 1250 cupiditas,
1213 1203 1256 1236 ut
1283 1211 1397 1249 supra
1425 1198 1511 1236 dixi.

230 1258 350 1309 Eripit
378 1259 476 1295 enim
502 1259 726 1302 libertatem,
748 1272 817 1309 pro
837 1271 911 1309 qua
938 1259 1183 1310 magnanimis
1204 1259 1289 1296 viris
1309 1259 1428 1296 omnis
1448 1258 1511 1295 de-

187 1323 208 1356 9
230 1319 294 1355 bet
322 1331 403 1355 esse
432 1319 630 1356 contentio.
686 1319 767 1356 Nec
789 1332 876 1356 vero
905 1319 1062 1369 imperia
1081 1319 1303 1369 expetenda,
1325 1331 1367 1355 ac
1388 1318 1512 1368 potius

231 1383 297 1415 aut
324 1391 399 1415 non
429 1378 646 1428 accipienda
674 1378 875 1423 interdum,
897 1384 963 1416 aut
991 1378 1215 1429 deponenda
1234 1391 1511 1428 nonnunquam.

164 1442 211 1475 10
231 1438 456 1475 Vacandum
475 1444 604 1475 autem
632 1438 732 1475 omni
762 1444 820 1475 est
847 1438 962 1475 animi
992 1439 1282 1488 perturbatione,
1305 1451 1390 1475 cum
1410 1437 1512 1488 cupi-

230 1497 346 1534 ditate
375 1502 413 1534 et
442 1502 558 1541 metu,
579 1503 661 1534 tum
688 1498 800 1534 etiam
821 1498 1044 1548 aegritudine
1065 1503 1103 1535 et
1121 1498 1316 1548 voluptate
1345 1498 1457 1534 animi
1475 1502 1514 1534 et

229 1557 441 1600 iracundia;
470 1561 513 1594 ut
532 1557 777 1607 tranquillitas
798 1558 910 1594 animi
924 1563 962 1594 et
981 1557 1159 1594 securitas
1179 1557 1287 1600 adsit,
1301 1570 1386 1607 quae
1405 1557 1514 1594 affert

164 1621 206 1653 11
231 1629 317 1654 cum
350 1616 608 1660 constantiam,
631 1622 712 1653 tum
744 1617 856 1653 etiam
889 1617 1123 1667 dignitatem.
1181 1616 1292 1654 Multi
1321 1622 1447 1654 autem
1476 1622 1514 1654 et

229 1682 326 1719 sunt,
349 1681 386 1713 et
413 1677 577 1719 fuerunt,
599 1676 662 1726 qui
689 1689 784 1720 eam,
805 1689 919 1726 quam
949 1676 1044 1720 dico,
1065 1677 1374 1727 tranquillitatem
1401 1689 1512 1728 expe-

230 1741 363 1779 tentes,
385 1749 407 1772 a
435 1736 594 1786 negotiis
624 1736 782 1786 publicis
813 1749 854 1773 se
881 1736 1116 1780 removerint,
1138 1736 1187 1773 ad
1216 1737 1408 1786 otiumque
1428 1749 1511 1787 per-

230 1795 405 1846 fugerint.
462 1795 508 1831 In
522 1795 578 1831 his
595 1800 633 1832 et
651 1795 867 1832 nobilissimi
886 1796 1101 1846 philosophi
1118 1796 1307 1846 longeque
1327 1796 1512 1847 principes

230 1860 269 1892 et
283 1854 435 1905 quidam
453 1854 621 1891 homines
637 1855 756 1892 severi
775 1859 812 1892 et
831 1867 965 1905 graves
980 1867 1048 1892 nec
1069 1855 1200 1906 populi
1214 1868 1281 1892 nec
1301 1855 1512 1907 principum

230 1927 352 1952 mores
381 1914 478 1951 ferre
509 1919 737 1964 potuerunt:
767 1915 1014 1964 vixeruntque
1041 1915 1211 1952 nonnulli
1237 1914 1275 1951 in
1305 1915 1415 1966 agris,
1447 1915 1510 1952 de-

166 1979 209 2011 12
230 1974 357 2011 lect-ati
375 1987 415 2011 re
435 1986 503 2010 sua
521 1973 703 2011 familiari.
760 1974 829 2011 His
849 1974 949 2010 idem
977 1974 1212 2024 propositum
1230 1974 1312 2018 fuit,
1333 1974 1436 2024 quod
1454 1988 1511 2013 re-

229 2034 351 2084 gibus,
371 2038 416 2070 ut
444 2046 491 2070 ne
519 2046 594 2083 qua
623 2046 662 2070 re
693 2038 858 2084 egerent,
879 2046 926 2071 ne
946 2034 1005 2071 cui
1025 2039 1210 2084 parerent,
1230 2034 1402 2072 libertate
1430 2039 1511 2072 ute-

230 2098 358 2130 rentur
374 2105 381 2130 :
412 2094 521 2144 cujus
540 2092 734 2143 propr’uim
754 2098 811 2130 est
830 2093 881 2130 sic
901 2093 1035 2138 vivere,
1056 2098 1099 2131 ut
1117 2094 1220 2131 velis,

282 2212 387 2249 XXI.
409 2211 543 2256 Quare,
556 2224 640 2248 cum
653 2211 725 2249 hoc
735 2224 931 2250 commune
944 2212 990 2249 sit
1002 2213 1181 2263 potentiae
1193 2213 1414 2264 cupidorum
1427 2227 1513 2252 cum

233 2272 286 2316 iis,
307 2284 401 2322 quos
420 2271 506 2314 dixi,
522 2271 670 2308 otiosis:
700 2272 806 2309 alteri
835 2284 874 2309 se
894 2272 1052 2322 adipisci
1076 2272 1114 2310 id
1140 2286 1250 2323 posse
1270 2274 1511 2317 arbitrantur,

230 2331 262 2368 si
291 2343 382 2381 opes
409 2343 567 2381 magnas
594 2331 780 2368 habeant:
810 2331 927 2375 alteri,
951 2332 981 2368 si
1009 2333 1175 2369 contenti
1205 2333 1278 2370 sint
1306 2339 1344 2370 et
1373 2346 1452 2376 suo,
1474 2338 1512 2370 et

189 2395 211 2429 2
231 2402 359 2442 parvo.
416 2390 462 2427 In
491 2402 567 2440 quo
596 2395 816 2428 neutrorum
846 2391 996 2429 omnino
1026 2393 1299 2430 contemnenda-
1328 2392 1512 2430 sententia

231 2454 310 2488 est:
332 2449 400 2487 sed
420 2454 458 2487 et
476 2449 618 2486 facilior
633 2454 671 2487 et
689 2450 806 2487 tutior
825 2455 864 2487 et
881 2451 1003 2488 minus
1023 2451 1102 2489 aliis
1121 2452 1248 2503 gravis
1267 2456 1334 2490 aut
1351 2452 1510 2490 molesta
