1674 2754
543 194 658 219 mmm
677 194 703 219 1.
760 193 849 220 GAP.
869 194 940 226 ΧΠ,
961 195 1045 220 xm.
1423 188 1470 222 19

164 279 255 318 XII.
284 279 471 332 Equidem
488 280 602 318 etiam
628 279 723 318 illud
742 279 1011 325 animadverto,
1031 280 1146 331 quod,
1167 282 1231 332 qui
1250 282 1402 333 proprio

112 340 260 379 nomine
278 340 482 392 perduellis
501 345 611 384 esset,
631 340 662 377 is
680 340 799 378 hostis
818 344 1027 384 vocaretur,
1048 340 1201 378 lenitate
1226 342 1331 379 verbi
1348 342 1402 380 rei

111 400 298 439 tristitiam
316 400 541 452 mitigatam.
598 400 730 437 Hostis
750 400 849 437 enim
877 399 982 450 apud
1010 400 1174 451 majores
1193 406 1341 438 nostros
1368 402 1400 439 is

110 459 317 505 dicebatur,
333 473 447 511 quem
461 473 560 498 nunc
575 459 817 511 peregrinum
837 459 1006 498 dicimus.
1063 460 1238 498 Indicant
1257 461 1398 498 duode-
1420 465 1442 499 2

109 520 182 558 cim
213 520 370 565 tabulae,
391 524 446 564 ut,
474 531 615 558 surus
647 533 735 557 mus
766 533 848 557 cum
879 532 1023 558 Hoer:
1053 520 1231 571 itemque,
1252 532 1400 559 ADVER-

108 592 176 618 sus
203 593 359 619 nostrum
385 592 552 618 AETERNA
582 592 834 618 AuoromrAs.
894 580 994 625 Quid
1022 580 1072 617 ad
1100 580 1198 618 hanc
1226 593 1398 618 mansue·
1419 586 1442 618 3

109 639 278 678 tudinem
304 639 395 677 addi
421 643 560 691 potest,
581 652 681 684 eum,
702 640 856 691 quicum
884 640 1028 678 bellum
1054 652 1177 691 geras,
1197 644 1278 677 tam
1295 640 1400 678 molli

107 699 256 738 nomine
275 700 498 752 appellare?
555 700 795 750 Quamquam
814 699 853 737 id
871 712 1010 737 nomen
1029 699 1158 737 durius
1178 699 1301 737 effecit
1316 700 1399 751 jam

108 764 288 798 vetustas.
343 759 383 796 A
410 759 608 811 peregrino
635 759 735 807 enim
761 760 926 804 recessit,
948 763 986 797 et
1014 759 1166 811 proprie
1192 759 1230 798 in
1257 772 1313 804 eo,
1335 760 1399 810 qui

108 831 212 857 arma
239 824 370 857 contra
396 819 522 864 ferret,
551 819 740 857 remansit.
798 819 897 857 Cum
933 832 1024 857 vero
1060 819 1109 857 de
1145 819 1304 870 imperio
1331 820 1396 858 de·
1417 823 1441 857 4

108 883 274 918 certatur
299 879 476 930 belloque
512 879 694 930 quaeritur
734 879 865 931 gloria,
895 891 1030 917 causas
1062 879 1212 917 omnino
1240 880 1397 918 subesse

109 943 235 977 tamen
261 943 411 990 oportet
438 939 603 984 easdem,
624 952 719 990 quas
748 939 826 977 dixi
853 939 967 990 paulo
995 943 1083 976 ante
1108 939 1233 990 justas
1261 952 1396 977 causas

109 1011 191 1036 esse
208 999 405 1037 bellorum.
461 999 539 1037 Sed
558 1011 603 1037 ea
617 999 728 1044 bella,
744 999 881 1050 quibus
899 999 1045 1049 imperii
1063 999 1184 1050 gloria
1203 999 1396 1050 proposita

107 1062 175 1103 est,
191 1059 314 1096 minus
333 1059 468 1097 acerbe
486 1059 654 1110 gerenda
673 1064 771 1098 sunt.
827 1059 883 1097 Ut
903 1059 1001 1097 enim
1021 1073 1108 1096 cum
1127 1059 1284 1098 civiliter
1302 1073 1392 1097 con-
1413 1066 1435 1099 5

106 1119 306 1163 tendimus,
335 1119 443 1156 aliter
470 1119 501 1156 si
529 1123 588 1156 est
622 1119 805 1163 inimicus,
838 1119 947 1156 aliter
973 1119 1004 1156 si
1041 1119 1277 1169 competitor,
1308 1132 1396 1157 cum

105 1178 225 1216 altero
252 1182 442 1216 certamen
468 1178 620 1216 honoris
648 1182 687 1216 et
715 1178 907 1230 dignitatis
931 1182 999 1223 est,
1021 1192 1108 1216 cum
1126 1178 1244 1216 altero
1264 1179 1396 1230 capitis

104 1242 144 1276 et
171 1238 305 1276 famae:
335 1238 388 1276 sic
416 1251 502 1276 cum
531 1238 740 1283 Celtiberis,
763 1252 850 1276 cum
880 1238 1040 1276 Cimbris
1069 1238 1223 1283 bellum,
1245 1243 1288 1276 ut
1308 1252 1395 1277 cum

104 1298 269 1343 inimicis,
290 1299 505 1350 gerebatur,
525 1303 612 1336 uter
630 1303 741 1343 esset,
762 1312 838 1336 non
856 1303 942 1336 uter
960 1299 1185 1350 imperaret;
1215 1312 1303 1336 cum
1322 1299 1394 1336 La-

103 1358 200 1403 tinis,
230 1358 389 1403 Sabinis,
419 1358 661 1403 Samnitibus,
682 1359 824 1404 Poenis,
844 1359 995 1410 Pyrrho
1026 1359 1074 1397 de
1101 1358 1258 1410 imperio
1287 1359 1392 1397 dimi-

103 1418 272 1457 cabatur.
326 1418 438 1456 Poeni
475 1418 677 1470 foedifragi,
708 1419 869 1457 crudelis
902 1419 1114 1457 Hannibal:
1152 1419 1284 1470 reliqui
1312 1419 1393 1471 jus-

102 1477 226 1517 tiores.
281 1478 419 1530 Pyrrhi
437 1478 591 1530 quidem
610 1479 658 1517 de
677 1480 834 1530 captivis
853 1479 1056 1518 reddendis
1085 1479 1149 1517 illa
1169 1480 1377 1531 praeclara:
1412 1483 1436 1518 6

208 1558 289 1596 Nec
307 1559 361 1595 mi
378 1571 517 1595 aarum
528 1571 649 1607 posco,
668 1572 730 1596 ‘nec
748 1560 802 1596 mi
813 1560 980 1608 pretium
998 1560 1169 1597 dederitis
1180 1573 1197 1608 ;

208 1617 290 1655 Nec
307 1624 551 1667 cauponantes
571 1619 716 1663 bellum,
738 1619 800 1656 sed
819 1620 1079 1667 belli-cerame&

210 1677 337 1722 Ferro,
353 1691 426 1715 non
443 1691 548 1722 auro,
570 1679 685 1716 vitam
703 1692 894 1716 cernamus
911 1680 1071 1728 utrique.

219 1737 336 1775 Vosne
353 1738 449 1782 velit,
470 1751 520 1775 an
539 1751 594 1775 me
612 1751 763 1787 rcynare
781 1739 878 1783 hera,
902 1740 1034 1788 quidve
1042 1741 1160 1789 ferat,
1180 1740 1289 1786 Fors,

219 1797 366 1836 Virtute
383 1799 624 1847 experiamur.
680 1799 736 1836 Et
755 1799 819 1837 Ιιοσ
837 1799 953 1837 simul
971 1801 1086 1849 acpite
1105 1801 1248 1838 dictum
1261 1813 1275 1839 :

213 1857 385 1906 Quorum
403 1859 539 1896 virtuti
556 1859 640 1897 belli
646 1860 812 1908 fortuna
823 1860 996 1908 pepercit,

163 1910 168 1914 ”
205 1918 436 1957 Eorumdem
454 1931 509 1956 me
529 1919 689 1957 libertati
699 1933 851 1968 parcere
868 1926 1006 1958 certum
1025 1926 1086 1959 est.

205 1978 329 2024 Dono,
348 1979 479 2024 ducite,
499 1980 616 2029 doque
633 1980 836 2018 volentibus
855 1994 940 2018 cum
958 1982 1103 2030 maynis
1120 1981 1192 2020 dis.

104 2057 254 2110 Regalis
273 2071 362 2097 sane
381 2064 421 2097 et
439 2059 555 2111 digna
573 2060 821 2098 AEacidarum
840 2074 978 2112 genere
998 2061 1198 2100 sententia.
1408 2064 1430 2102 '7

151 2133 262 2171 XIII.
291 2133 422 2184 Atque
437 2134 550 2172 etiam
565 2135 595 2172 si
609 2135 700 2185 quid
714 2135 852 2187 singuli
865 2136 1101 2187 temporibus
1116 2136 1273 2175 adducti
1286 2138 1385 2176 hosti

99 2193 361 2244 promiserunt,
382 2198 440 2232 est
471 2194 509 2232 in
541 2207 586 2232 eo
614 2195 697 2246 ipso
726 2195 820 2233 fides
851 2196 1118 2234 conservanda.
1175 2197 1230 2234 Ut
1263 2198 1385 2248 primo
1406 2203 1429 2236 2

98 2251 241 2291 Punico
260 2253 360 2291 bello
378 2253 550 2305 Regulus
577 2259 712 2305 captus
731 2268 754 2292 a
771 2255 912 2301 Poenis,
930 2269 1017 2294 cum
1037 2256 1085 2293 de
1105 2257 1263 2307 captivis
1283 2270 1383 2295 com-

98 2312 288 2350 mutandis
319 2313 482 2351 Romam
511 2315 647 2352 missus
684 2319 795 2360 esset,
821 2316 1062 2367 jurassetque
1090 2329 1131 2354 se
1158 2316 1382 2361 rediturum,

98 2371 274 2423 primum,
294 2377 337 2410 ut
355 2373 466 2418 venit,
487 2374 657 2425 captivos
675 2375 890 2414 reddendos
908 2376 946 2413 in
964 2380 1099 2414 senatu
1122 2389 1197 2414 non
1216 2375 1382 2414 censuit:

99 2431 246 2477 deinde,
267 2445 354 2470 cum
381 2433 604 2472 retineretur
631 2446 654 2470 a
681 2435 901 2486 propinquis
920 2440 959 2473 et
987 2436 1035 2473 ab
1063 2435 1202 2479 amicis,
1223 2434 1272 2472 ad
1292 2447 1382 2487 sup·
