1674 2754
162 205 212 245 ’14
711 218 760 241 DE
781 216 948 242 ormens

229 303 414 341 sordidius
433 303 543 354 regi?
570 303 702 341 melius
723 303 845 346 etiam,
866 303 969 352 quod
996 302 1230 353 largitionem
1251 315 1378 353 cori-u}
1391 301 1503 339 telam

230 376 312 401 esse
326 363 428 401 dixit.
467 364 527 400 Fit
541 364 638 400 enim
654 363 825 406 deterior,
842 363 904 412 qui
923 362 1068 411 accipit,
1090 368 1202 412 atque
1221 362 1270 399 ad
1289 362 1389 399 idem
1409 375 1504 399 sem-

189 427 211 462 8
231 436 300 474 per
328 423 603 473 expectandum
635 423 808 473 paratior.
865 422 949 459 Hoc
979 422 1040 459 ille
1067 422 1152 465 filio,
1175 422 1242 458 sed
1272 426 1505 472 praeceptum

230 487 408 534 putemus
428 483 609 519 omnibus.
666 482 919 526 Quamobrem
938 481 977 518 id
997 481 1148 531 quidem
1167 494 1242 518 non
1261 481 1416 518 dubium
1436 485 1505 524 est,

230 542 320 593 quin
348 542 411 579 illa
440 542 661 593 benignitaS,
687 554 772 592 quae
801 545 947 578 constet
975 554 1020 578 ex
1049 553 1163 591 opera
1191 546 1229 577 et
1256 541 1448 584 industria,
1469 547 1506 578 et

229 601 419 639 honestior
448 602 504 645 sit,
527 606 564 639 et
593 601 706 638 latius
735 605 874 651 pateat,
897 605 934 637 et
965 600 1084 651 possit
1115 600 1294 650 prodesse
1325 601 1506 651 pluribus.

188 666 210 700 9
232 661 511 711 Nonnunquam
529 666 655 698 tamen
671 665 728 698 est
746 660 992 711 largiendum,
1009 673 1077 697 nec
1096 660 1168 697 hoc
1187 660 1424 710 benignitatis
1443 673 1507 710 gc-

229 734 300 758 nus
334 721 482 758 omnino
514 721 789 770 repudiandum
820 724 887 762 est,
918 724 956 756 et
989 732 1090 770 saepe
1124 719 1265 756 idoneis
1298 719 1508 757 hominibus

230 781 485 831 indigentibus
506 779 553 817 de
572 793 612 817 re
631 779 800 816 familiari
821 779 1132 829 impertiendum:
1154 779 1221 816 sed
1237 779 1435 829 diligenter
1453 784 1508 816 at-

163 844 210 877 10
230 852 303 890 que
322 840 527 877 moderate.
582 839 693 876 Multi
712 829 809 876 en‘im
832 839 1052 889 patrimonia
1072 839 1285 876 effuderunt
1303 839 1509 876 inconsulte

230 899 437 950 largiendo.
486 898 585 943 Quid
606 903 732 935 autem
751 903 809 935 est
828 898 990 941 stultius,
1013 911 1136 948 quam,
1158 898 1260 947 quod
1279 898 1437 935 libenter
1455 899 1509 935 fa-

163 963 208 997 11
232 959 317 1002 cias,
340 971 480 1002 curare,
501 963 545 995 ut
571 958 610 995 id
636 958 775 995 diutius
800 958 923 994 facere
944 970 1019 994 non
1044 958 1194 1007 possis?
1249 958 1380 1007 Atque
1399 957 1510 994 etiam

231 1023 438 1069 sequuntur
456 1017 691 1069 largitionem
711 1017 863 1068 rapinae.
921 1017 1018 1054 Cum
1043 1017 1141 1054 enim
1161 1016 1284 1053 dando
1304 1029 1414 1067 egere
1434 1030 1510 1054 coe-

165 1083 209 1115 12
231 1084 377 1129 perunt,
399 1078 523 1115 alienis
544 1078 648 1114 bonis
668 1090 800 1114 manus
820 1077 952 1114 afferre
971 1081 1167 1127 coguntur.
1216 1077 1287 1120 Ita,
1305 1090 1392 1114 cum
1408 1077 1509 1114 beni-

229 1138 401 1175 volentiae
433 1137 696 1188 comparandae
734 1149 847 1173 causa
877 1137 1033 1174 benefici
1061 1149 1144 1173 esse
1167 1137 1292 1179 velint,
1313 1149 1387 1173 non
1407 1141 1510 1173 tanta

233 1198 358 1234 studia
391 1202 641 1247 assequuntur
678 1209 817 1239 eorum,
853 1197 987 1245 quibus
1020 1196 1217 1239 dederunt,
1251 1201 1392 1245 quanta
1425 1196 1510 1232 odia

163 1262 210 1295 13
231 1271 371 1301 eorum,
392 1257 528 1307 quibus
557 1256 788 1293 ademerunt.
846 1256 1099 1300 Quamobrem
1128 1268 1194 1292 nec
1220 1255 1272 1292 ita
1300 1255 1510 1292 claudenda

230 1330 289 1355 res
318 1322 377 1354 est
403 1316 604 1360 familiaris,
625 1320 668 1352 ut
693 1328 775 1352 eam
802 1315 1013 1365 benignitas
1033 1315 1177 1365 aperire
1196 1328 1270 1352 non
1290 1315 1419 1365 possit,
1441 1328 1509 1353 nec

229 1377 282 1413 ita
300 1376 511 1420 reseranda,
531 1381 575 1412 ut
605 1380 733 1426 pateat
764 1375 956 1412 omnibus:
986 1375 1122 1412 modus
1150 1375 1384 1418 adhibeatur,
1405 1375 1509 1425 isque

164 1440 211 1474 14
230 1437 413 1474 referatur
427 1436 475 1473 ad
495 1436 704 1472 facultates.
745 1435 905 1472 Omnino
919 1435 1129 1472 meminisse
1145 1435 1326 1472 debemus
1340 1435 1390 1477 id,
1407 1435 1509 1485 quod

230 1508 253 1532 a
279 1496 415 1532 nostris
442 1495 652 1532 hominibus
679 1495 883 1545 saepissime
910 1500 1145 1544 usurpatum,
1164 1495 1243 1545 jam
1268 1495 1305 1531 in
1324 1495 1510 1545 proverbii

163 1559 210 1594 15
231 1552 538 1593 consuetudinem
550 1554 662 1598 venit,
676 1554 911 1605 largitionem
923 1554 1083 1590 fundum
1096 1567 1170 1591 non
1182 1555 1331 1591 habere.
1361 1554 1509 1591 Etenim

230 1615 312 1665 quis
331 1619 459 1665 potest
477 1614 612 1651 modus
632 1626 724 1658 esse,
742 1627 827 1651 cum
847 1618 885 1651 et
903 1613 1004 1651 idem
1019 1614 1082 1664 qui
1101 1618 1338 1658 consuerunt,
1355 1618 1393 1651 et
1411 1614 1510 1652 idem

229 1675 322 1713 illud
341 1675 401 1712 alii
419 1674 662 1712 desiderent?

281 1795 388 1832 XVI.
420 1794 579 1831 Omnino
605 1794 680 1831 duo
709 1798 796 1830 sunt
825 1806 965 1843 genera
991 1793 1193 1844 largorum,
1214 1802 1374 1843 quorum
1403 1793 1508 1832 alteri

187 1858 210 1891 2
231 1853 390 1905 prodigi,
405 1854 510 1890 alteri
521 1853 703 1891 liberales.
742 1852 907 1903 Prodigi‚
922 1852 985 1902 qui
997 1852 1128 1903 epulis,
1142 1857 1180 1889 et
1191 1852 1506 1897 viscerationibus,

231 1918 270 1951 et
283 1913 536 1964 gladiatorum
549 1913 776 1956 muneribus,
793 1912 969 1949 ludorum
981 1912 1294 1961 venationumque
1309 1918 1505 1962 apparatu,

231 1973 408 2024 pecunias
429 1972 664 2023 profundunt
683 1972 720 2008 in
739 1984 802 2009 eas
822 1984 893 2015 res,
915 1984 1074 2021 quarum
1092 1972 1313 2008 memoriam
1332 1976 1398 2008 aut
1423 1972 1505 2010 bre-

188 2037 209 2070 3
230 2045 315 2070 vem
335 2036 402 2069 aut
420 2032 562 2069 nullam
581 2032 729 2069 omnino
749 2031 823 2068 sint
842 2031 1015 2069 relicturi.
1071 2031 1262 2068 Liberales
1281 2036 1421 2074 autem,
1443 2032 1505 2082 qui

230 2092 306 2129 suis
324 2092 567 2129 facultatibus
589 2096 655 2128 aut
675 2096 806 2142 captos
831 2104 853 2127 a
881 2091 1120 2141 praedonibus
1145 2091 1345 2135 redimunt,
1371 2097 1437 2128 aut
1456 2104 1507 2129 aes

229 2152 392 2188 alienum
425 2151 632 2201 suscipiunt
669 2151 884 2194 amicorum,
914 2155 981 2187 aut
1012 2151 1049 2187 in
1077 2150 1237 2188 filiarum
1265 2151 1507 2189 collocatione

230 2211 422 2262 adjuvant,
443 2215 509 2247 aut
536 2211 768 2261 opitulantur
794 2211 831 2247 in
861 2222 901 2247 re
924 2210 983 2247 vel
1003 2210 1217 2260 quaerenda,
1237 2211 1297 2248 vel
1322 2211 1505 2261 augenda.

189 2275 210 2308 4
232 2271 366 2321 Itaque
398 2270 520 2314 miror,
551 2270 641 2320 quid
670 2270 708 2306 in
740 2274 905 2307 mentem
931 2270 1073 2307 venerit
1105 2270 1366 2320 Theophrasto
1398 2270 1436 2307 in
1463 2282 1508 2307 eo

228 2329 334 2374 libro,
356 2343 468 2381 quem
487 2330 536 2367 de
556 2330 690 2367 divitiis
710 2329 857 2379 scripsit
873 2341 880 2366 :
910 2329 947 2366 in
966 2342 1042 2379 quo
1061 2330 1181 2367 multa
1205 2329 1395 2380 praeclare,
1415 2329 1506 2366 illud

228 2389 402 2428 absurde.
457 2390 527 2427 Est
545 2390 642 2427 enim
660 2389 802 2426 multus
821 2389 858 2426 in
876 2389 1066 2426 laudanda
1091 2389 1365 2441 magnificentia
1384 2393 1422 2426 et
1440 2401 1506 2439 ap·

227 2449 420 2500 paratione
453 2449 690 2500 popularium
719 2461 938 2486 munerum:
968 2449 1173 2499 taliumque
1201 2452 1421 2499 sumptuum
1452 2448 1504 2485 fa·
