1674 2754
133 188 183 223 58
679 193 728 217 nn
749 193 915 226 ornetis

198 280 404 316 nestissime
422 279 610 316 molestias
629 291 740 329 posse
760 277 908 328 deponi,
924 277 955 314 si
973 289 1033 313 me
1052 277 1101 313 ad
1120 276 1398 327 philosophiam
1416 289 1464 312 re-

199 339 376 376 tulissem.
434 338 505 375 Cui
525 351 611 375 cum
629 337 790 374 multum
809 337 1027 374 adolescens
1055 335 1222 372 discendi
1249 348 1361 373 causa
1379 340 1471 372 tem-

199 399 298 448 poris
316 398 540 441 tribuissem,
562 402 808 447 posteaquam
836 396 1039 432 honoribus
1065 395 1240 432 inservire
1265 395 1376 445 coepi,
1396 407 1473 431 me-

201 471 273 507 que
293 463 415 494 totum
433 457 487 494 rei
507 457 670 507 publicae
689 455 837 499 tradidi,
858 460 1006 492 tantum
1026 459 1106 491 erat
1125 454 1371 504 philosophiae
1390 454 1473 498 1001,

197 523 379 567 quantum
398 517 634 567 superfuerat
652 515 856 552 amicorum
867 514 912 551 ‘et
931 515 983 551 rei
1003 513 1163 564 publicae
1181 514 1370 564 temporis.
1426 513 1473 550 Id

198 582 324 613 autem
343 588 451 613 omne
471 575 762 613 consumebatur
781 575 818 610 in
836 574 997 624 legendo
1013 587 1020 617 ;
1050 573 1237 610 scribendi
1264 573 1382 610 otium
1401 586 1473 610 non

197 641 287 673 erat.
328 636 380 672 II.
402 635 572 672 Maximis
593 634 707 685 igitur
725 634 762 670 in
777 624 887 670 'malis
908 634 979 670 hoc
994 638 1121 670 tamen
1140 633 1227 670 boni
1246 632 1408 670 assecuti
1422 632 1474 669 vi-

197 695 339 738 demur,
360 700 403 731 ut
423 707 467 731 ea
485 694 618 731 litteris
648 693 922 736 mandaremus,
944 705 1030 743 quae
1047 705 1115 729 nec
1135 696 1242 729 erant
1268 692 1357 729 satis
1387 696 1476 728 nota

156 760 177 791 2
197 755 344 798 nostris,
365 760 403 791 et
422 759 529 791 erant
556 753 765 804 cognitione
794 752 1020 803 dignissima.
1078 752 1177 796 Quid
1203 752 1300 789 enim
1320 756 1388 795 est,
1409 764 1477 802 per

197 814 299 856 deos,
328 813 530 863 optabilius
558 812 768 862 sapientia?
798 812 889 861 quid
917 811 1190 862 praestantius?
1220 811 1311 861 quid
1338 811 1476 848 homini

155 878 176 910 3
197 873 361 910 melius?
396 872 486 922 quid
514 872 662 909 homine
690 871 869 922 dignius?
910 871 1019 908 Hanc
1046 871 1160 921 igitur
1187 871 1250 920 qui
1280 875 1474 921 expetunt,

198 932 412 982 philosophi
431 931 692 968 nominantur:
721 943 790 968 nec
810 930 1009 980 quicquam
1030 930 1132 967 aliud
1152 935 1210 967 est
1227 930 1475 980 philosophia,

155 996 176 1028 4
197 992 227 1029 si
258 991 492 1042 interpretari
519 991 622 1034 velis,
658 994 796 1040 praeter
828 989 995 1026 studium
1026 990 1230 1040 sapientiae.
1287 989 1478 1040 Sapientia

198 1056 326 1088 autem
345 1056 413 1094 est,
436 1050 496 1102 (ut
515 1063 538 1087 a
556 1050 744 1088 veteribus
772 1049 1006 1100 philosophis
1037 1049 1233 1087 definitum
1259 1048 1332 1100 est)
1352 1061 1478 1087 rerum

198 1111 406 1148 dixinarum
425 1115 464 1147 et
482 1111 730 1147 humanarum
759 1121 1041 1158 causarumque,
1063 1109 1198 1159 quibus
1225 1109 1286 1147 hae
1312 1121 1371 1146 res
1391 1122 1475 1146 con-

198 1171 373 1214 tinentur,
395 1170 547 1207 scientia
563 1182 570 1206 :
593 1169 700 1219 cujus
720 1169 886 1206 studium
906 1168 970 1218 qui
984 1169 1184 1218 vituperat,
1200 1168 1304 1206 haud
1323 1181 1411 1206 sane
1422 1168 1476 1205 in-

155 1236 177 1269 5
199 1230 337 1281 telligo,
359 1230 537 1280 quidnam
558 1229 618 1273 sit,
639 1228 742 1278 quod
761 1228 991 1265 laudandum
1018 1233 1138 1278 putet.
1195 1228 1296 1265 Nam
1315 1229 1392 1266 sive
1411 1228 1475 1266 ob-

199 1290 348 1327 lectatio
377 1289 557 1340 quaeritur
584 1288 697 1325 animi
723 1288 944 1338 requiesque
973 1300 1146 1325 curarum
1159 1300 1168 1332 ;
1198 1301 1283 1338 quae
1319 1288 1477 1325 conferri

199 1363 285 1387 cum
305 1362 434 1387 eorum
449 1349 580 1386 studiis
596 1352 734 1399 potest,
750 1348 813 1398 qui
828 1360 977 1398 semper
991 1347 1131 1397 aliquid
1148 1348 1358 1397 anquirunt,
1375 1347 1477 1398 quod

199 1415 347 1460 spectet
373 1415 412 1447 et
439 1409 562 1446 valeat
594 1408 643 1445 ad
675 1409 771 1445 bene
803 1408 987 1457 beateque
1015 1407 1240 1444 vivendum?
1273 1407 1351 1444 sive
1384 1408 1477 1445 ratio

201 1470 418 1507 constantiae
437 1469 657 1518 virtutisque
688 1467 836 1504 ducitur
852 1480 860 1510 ;
890 1472 958 1504 aut
988 1467 1070 1504 haec
1099 1479 1159 1503 ars
1186 1471 1253 1510 est,
1283 1472 1349 1504 aut
1375 1467 1477 1504 nulla

157 1533 178 1567 6
200 1530 359 1573 0111111110,
387 1541 454 1579 per
482 1540 595 1578 quam
623 1540 685 1564 eas
715 1539 968 1576 assequamur.
1024 1526 1179 1563 Nullam
1210 1527 1333 1564 dicere
1361 1527 1476 1567 maxi-

198 1601 345 1626 marum
378 1601 503 1625 rerum
532 1592 652 1624 artem
680 1599 773 1631 esse,
797 1599 882 1623 cum
909 1586 1144 1623 minimarum
1171 1586 1247 1623 sine
1275 1592 1357 1624 arte
1376 1587 1478 1624 nulla

199 1649 258 1692 sit,
287 1649 480 1686 hominum
508 1653 566 1684 est
599 1660 734 1697 parum
767 1645 1000 1684 considerate
1032 1646 1265 1696 loquentium
1296 1650 1408 1696 atque
1440 1646 1478 1683 in

157 1709 177 1746 7
199 1709 369 1745 maximis
400 1708 514 1745 rebus
547 1707 762 1744 errantium.
820 1706 861 1743 Si
888 1711 1016 1743 autem
1044 1710 1102 1742 est
1133 1706 1257 1756 aliqua
1285 1706 1478 1756 disciplina

198 1768 370 1811 virtutis3
398 1768 463 1805 ubi
494 1780 538 1804 ea
566 1771 766 1816 quaeretur,
789 1778 875 1802 cum
902 1766 950 1802 ab
978 1766 1051 1802 hoc
1080 1765 1248 1802 discendi
1266 1778 1403 1815 genere
1422 1765 1476 1803 di-

157 1833 178 1865 8
199 1828 405 1865 scesseris‘?
461 1827 537 1864 Sed
576 1827 668 1869 haec,
705 1839 790 1862 011111
823 1825 873 1861 ad
910 1825 1186 1875 philosophiam
1223 1826 1475 1870 cohortamur,

198 1887 407 1925 accuratius
427 1886 611 1937 disputari
629 1885 752 1930 solent
768 1897 775 1922 z
796 1884 898 1934 quod
918 1884 991 1922 alio
1011 1884 1176 1934 quodam
1193 1885 1287 1922 libro
1307 1885 1476 1923 fecimus.

157 1952 178 1985 9
200 1948 284 1985 Hoc
322 1951 449 1984 autem
481 1951 650 1996 tempore
684 1949 831 1981 tantum
861 1944 970 1981 nobis
1004 1944 1270 1981 declarandum
1298 1944 1379 1988 fuit,
1409 1957 1477 1982 cur

199 2007 319 2044 orbati
350 2007 402 2043 rei
430 2006 591 2057 publicae
619 2004 835 2042 muneribus
863 2004 911 2041 ad
939 2004 1011 2041 1100
1038 2017 1107 2041 nos
1134 2004 1301 2041 studium
1329 2004 1475 2054 potissi-

199 2080 304 2103 mum
324 2066 623 2103 contulissemus.

137 2131 180 2164 10
253 2126 470 2163 Occurritur
496 2130 624 2162 autem
653 2124 770 2167 nobis,
799 2128 838 2160 et
865 2123 1017 2174 quidem
1045 2136 1068 2160 a
1095 2124 1214 2161 doctis
1242 2128 1281 2161 et
1308 2123 1474 2168 eruditis,

198 2186 464 2237 quaerentibus
494 2185 630 2222 satisne
658 2189 873 2222 constanter
900 2185 1023 2221 facere
1051 2183 1256 2227 videamur,
1285 2183 1360 2233 qui,
1391 2196 1475 2220 cum

201 2245 341 2296 percipi
360 2245 449 2282 nihil
469 2257 579 2295 posse
601 2244 780 2288 dicamus,
798 2249 924 2281 tamen
942 2249 981 2280 et
999 2244 1078 2280 aliis
1098 2243 1145 2280 de
1163 2244 1275 2280 rebus
1295 2243 1474 2280 disserere

199 2306 396 2349 soleamus,
418 2310 456 2341 et
474 2305 545 2341 hoc
565 2304 646 2354 ipso
665 2309 835 2354 tempore
855 2308 1049 2354 praecepta
1068 2303 1175 2340 officii
1195 2315 1473 2353 persequamur.

134 2368 177 2402 u
201 2365 345 2409 Quibus
358 2364 493 2402 vellem
508 2364 597 2401 satis
613 2364 762 2414 cognita
776 2369 874 2401 esset
889 2368 1017 2400 nostra
1031 2363 1224 2400 sententia.
1271 2363 1360 2400 Non
1378 2361 1473 2399 enim

199 2437 329 2462 sumus
348 2425 383 2469 ii,
399 2437 558 2475 quorum
572 2428 733 2474 vagetur
750 2423 894 2461 animus
909 2435 1045 2467 errore,
1059 2435 1129 2461 nec
1143 2423 1283 2460 habeat
1295 2433 1474 2473 unquam,
