1674 2754
144 198 217 232 106
692 206 741 230 DE
771 206 938 231 ormcns

203 293 266 344 jus
293 292 399 330 civile
429 305 510 330 esse
537 292 746 330 voluerunt.
802 291 913 337 Quod
943 290 1060 334 civile,
1080 303 1155 327 non
1183 290 1284 328 idem
1311 288 1485 328 continuo

163 357 185 390 6
206 352 396 404 gentium3
424 352 527 403 quod
546 359 672 389 autem
693 351 875 403 gentium,
892 351 993 387 idem
1012 349 1116 387 civile
1135 362 1218 387 esse
1237 349 1361 388 debet.
1409 348 1486 387 Sed

205 425 274 450 nos
302 412 380 449 veri
408 412 502 462 juris
532 424 796 463 germanaeque
823 410 977 461 justitiae
1012 409 1169 447 solidam
1201 414 1239 447 et
1270 421 1487 460 expressam

206 472 367 524 effigiem
385 472 528 509 nullam
547 477 717 509 tenemus
731 484 740 514 ;
768 471 904 507 umbra
919 474 958 507 et
971 469 1195 520 imaginibus
1210 469 1364 506 utimur.
1411 469 1488 506 Eas

205 532 305 583 ipsas
324 531 468 569 utinam
487 543 740 581 sequeremur.
797 530 987 567 Feruntur
1006 529 1104 567 enim
1118 541 1165 566 ex
1179 529 1329 579 optimis
1342 534 1487 566 naturae

165 592 185 630 7
206 597 245 629 et
258 591 424 629 veritatis
439 591 630 641 exemplis.
678 591 777 627 Nam
793 589 924 640 quanti
938 590 1053 627 verba
1070 589 1144 633 illa,
1165 602 1190 626 U
1202 602 1222 625 'r
1235 602 1249 625 1
1279 602 1306 625 N
1317 601 1340 625 E
1372 601 1395 625 P
1408 601 1433 624 R
1446 601 1486 625 0·-

205 665 319 688 PTER
345 664 396 688 TE
422 663 633 688 FIDEMVE
661 662 786 688 TUAM
815 662 996 687 CAPTUS
1021 661 1363 687 FRAUDATUSVE
1389 648 1487 685 SIM!

206 711 402 757 Quamilla
414 723 606 755 aurea‚U⁷r
631 723 771 747 INTER
797 701 947 748 nouos
972 722 1095 747 BENE
1114 722 1262 746 AGIER
1283 719 1489 746 OPORTET

205 785 261 808 ET
289 784 412 808 SINE
446 770 836 808 FRAUDATIONE!
884 770 972 814 Sed,
989 770 1054 820 qui
1072 769 1145 806 sint
1163 769 1261 813 boni,
1278 767 1422 818 etquid
1440 767 1489 804 sit

153 836 184 868 .8
205 831 299 868 bene
319 830 391 881 agi,
412 842 550 880 magna
570 830 728 880 quaestio
747 834 816 867 est.
873 830 916 874 Q.
944 830 1096 880 quidem
1115 829 1299 872 Scaevola,
1320 827 1488 878 pontifex

205 890 401 933 maximus,
423 902 609 926 summam
629 889 704 926 vim
723 902 804 926 esse
824 889 974 927 dicebat
1000 890 1037 926 in
1064 889 1236 926 omnibus
1255 889 1297 925 iis
1316 887 1486 931 arbitriis,

204 950 241 987 in
256 949 391 1000 quibus
410 948 615 986 adderetur
642 961 698 985 Ex
725 961 772 986 ΕΙ
784 962 841 985 DE
869 962 892 986 B
904 961 1016 986 oxA:
1046 948 1208 998 fideique
1222 949 1331 986 bonae
1353 959 1488 984 nomen

204 1009 442 1046 existimabat
468 1021 620 1046 manare
647 1008 838 1053 latissime,
857 1009 972 1059 idque
1000 1008 1139 1046 versari
1157 1009 1194 1046 in
1211 1007 1351 1051 tutelis,
1372 1006 1487 1044 socie-

205 1069 356 1112 tatibus,
377 1068 533 1112 fiduciis,
554 1068 752 1113 mandatis,
773 1069 886 1106 rebus
915 1068 1063 1119 emptis,
1083 1067 1255 1112 venditis,
1277 1066 1485 1111 conductis,

205 1128 345 1173 locatis,
365 1128 501 1178 quibus
521 1128 608 1165 vitae
631 1128 789 1165 societas
809 1128 1082 1166 contineretur:
1111 1128 1147 1165 in
1175 1128 1233 1165 his
1259 1126 1388 1178 magni
1406 1139 1488 1164 esse

201 1187 337 1238 judicis
357 1192 521 1225 statuere
542 1186 767 1238 (praesertim
787 1201 873 1225 cum
903 1188 941 1225 in
972 1188 1161 1238 plerisque
1189 1191 1315 1225 essent
1340 1185 1484 1237 judicia

162 1253 184 1286 9
205 1246 403 1299 contraria)
423 1247 513 1297 quid
533 1259 721 1297 quemque
749 1247 883 1298 cuique
912 1252 1095 1297 praestare
1124 1250 1325 1298 oporteret.
1383 1245 1484 1290 Quo-

204 1308 300 1345 circa
332 1307 480 1345 astutiae
513 1307 690 1344 tollendae
722 1312 821 1351 sunt,
854 1320 972 1358 eaque
1005 1307 1155 1350 malitia,
1185 1319 1272 1356 quae
1299 1306 1384 1344 vult
1422 1305 1487 1343 illa

204 1367 357 1418 quidem
375 1367 503 1410 wideri,
517 1380 556 1404 se
576 1379 657 1404 esse
677 1367 927 1417 prudentiam,
945 1367 1012 1404 sed
1031 1367 1140 1404 abest
1159 1367 1207 1404 ab
1228 1379 1272 1404 ea
1292 1366 1484 1417 distatque

139 1432 184 1464 10
205 1427 419 1477 plurimum.
475 1426 681 1463 Prudentia
697 1431 754 1463 est
773 1426 871 1463 enim
889 1427 1012 1464 locata
1030 1426 1067 1463 in
1082 1426 1232 1463 delectu
1246 1426 1430 1464 bonorum
1445 1431 1484 1464 et

203 1487 407 1523 malorum:
437 1485 589 1529 malitia,
619 1486 650 1522 si
688 1486 822 1529 omnia,
852 1499 938 1536 quae
968 1486 1095 1536 turpia
1126 1490 1225 1530 sunt,
1254 1486 1354 1523 mala
1387 1490 1485 1531 sunt,

139 1550 182 1583 11
206 1545 304 1583 mala
323 1545 429 1583 bonis
449 1545 555 1596 ponit
573 1550 671 1583 ante.
728 1545 810 1583 Nec
824 1558 913 1583 vero
933 1546 969 1583 in
988 1546 1138 1597 praediis
1154 1546 1276 1583 solum
1300 1546 1362 1596 jus
1383 1546 1487 1584 civile

205 1605 363 1643 ductum
382 1618 404 1641 a
422 1610 556 1642 natura
573 1604 754 1642 malitiam
768 1605 1018 1656 fraudemque
1032 1605 1217 1650 vindicat3
1239 1606 1307 1643 sed
1324 1605 1437 1643 etiam
1449 1606 1488 1643 in

204 1661 475 1715 mancipiorum
502 1665 715 1702 venditione
743 1665 946 1703 venditoris
982 1666 1085 1703 fraus
1119 1665 1236 1703 omnis
1265 1665 1487 1704 excluditur.

142 1729 188 1762 12
211 1725 284 1769 Qui
312 1724 408 1762 enim
437 1725 530 1762 scire
550 1724 692 1768 debuit,
713 1725 761 1762 de
780 1725 949 1770 sanitate,
972 1726 1019 1763 de
1049 1726 1151 1777 fuga,
1174 1726 1221 1763 de
1251 1726 1372 1770 furtis,
1393 1738 1489 1777 prae-

139 1789 184 1822 13
206 1789 281 1821 stat
295 1784 417 1822 edicto
433 1783 610 1822 aedilium.
666 1785 863 1822 Heredum
882 1786 953 1822 alia
969 1798 1081 1822 causa
1094 1791 1162 1823 est.
1217 1785 1276 1822 Ex
1292 1799 1366 1836 quo
1381 1785 1487 1823 intel-

206 1843 343 1894 ligitur,
364 1844 540 1893 quoniam
571 1844 664 1894 juris
694 1849 830 1881 natura
858 1845 941 1882 fons
970 1845 1028 1889 sit,
1049 1846 1121 1882 hoc
1142 1845 1352 1883 secundum
1380 1850 1489 1883 natu--

205 1916 285 1940 ram
305 1915 397 1946 esse,
410 1902 594 1940 neminem
613 1903 651 1941 id
671 1916 795 1954 agere,
816 1909 859 1942 ut
878 1917 925 1942 ex
944 1904 1097 1942 alterius
1117 1905 1311 1955 praedetur
1329 1905 1486 1943 inscitia.

142 1968 187 2000 14
207 1963 288 1999 Nec
318 1962 395 2000 ulla
424 1963 604 2013 pernicies
622 1963 709 2000 vitae
736 1964 857 2015 major
884 1965 1037 2002 inveniri
1056 1969 1194 2015 potest,
1215 1977 1330 2015 quam
1350 1965 1388 2002 in
1406 1978 1485 2002 ma-

206 2022 283 2059 litia
312 2022 498 2059 simulatio
529 2023 784 2074 intelligentiae
800 2037 808 2062 :
839 2037 886 2061 ex
917 2037 992 2075 quo
1022 2024 1094 2061 ista
1123 2024 1406 2062 innumerabilia.
1423 2037 1488 2062 na-

208 2085 374 2124 scuntur,
395 2086 439 2118 ut
457 2082 562 2119 utilia
581 2095 665 2120 cum
694 2083 860 2121 honestis
888 2096 1058 2136 pugnare
1077 2083 1287 2122 videantur.
1344 2085 1491 2129 Quotus

212 2141 310 2177 enim
331 2141 487 2191 quisque
514 2142 732 2191 reperietur,
754 2143 828 2193 qui,
848 2144 1070 2194 impunitate
1098 2148 1136 2180 et
1162 2143 1392 2194 ignoratione
1412 2157 1490 2182 om-

207 2199 311 2237 nium
330 2200 534 2250 proposita,
555 2201 740 2239 abstinere
760 2203 878 2253 possit
896 2203 1059 2254 injuria?

263 2320 414 2358 XVIII.
443 2320 714 2366 Periclitemur‚
736 2322 767 2360 si
794 2322 930 2373 placet,
951 2323 988 2360 in
1007 2323 1049 2360 iis
1070 2323 1222 2374 quidem
1242 2324 1434 2375 exemplis,
1454 2324 1492 2362 in

144 2435 148 2438 γ
168 2384 190 2418 2
210 2380 346 2432 quibus
364 2381 513 2430 peccari
531 2381 669 2432 vulgus
688 2382 881 2419 hominum
900 2383 1058 2421 fortasse
1077 2397 1153 2421 non
1181 2388 1302 2435 putet.
1357 2384 1492 2434 Neque

208 2438 308 2477 enim
327 2439 376 2477 de
394 2439 544 2484 sicariis,
564 2441 748 2486 veneficis,
769 2443 1069 2486 testamentariis,
1089 2443 1246 2488 furibus,
1268 2443 1490 2494 peculatori-
