1674 2754
586 215 698 240 LIBER
716 217 742 239 1.
798 214 885 240 cAP.
907 215 998 246 XLII,
1018 215 1123 240 XLIII.
1455 207 1505 242 53

152 300 268 352 grini:
296 300 334 338 in
365 300 523 352 ipsoque
551 301 761 353 peregrino,
785 300 1016 352 privatimne,
1037 313 1085 337 an
1113 301 1263 351 publice
1282 302 1434 339 venerit.

152 360 217 397 Ad
236 373 432 405 summam,
453 374 500 399 ne
519 374 630 412 agam
651 361 698 399 de
718 361 885 412 singuliS,
902 373 1139 398 communem
1158 360 1272 397 totius
1291 362 1435 411 generis
1458 366 1503 399 13

152 419 345 458 hominum
365 421 660 459 conciliationem
678 425 717 458 et
737 421 1050 458 consociationem
1078 421 1212 465 colere,
1233 421 1340 464 tueri,
1361 434 1436 458 ser-

152 492 240 517 vare
259 479 454 518 debemus.

180 574 326 638 sXLII.
356 600 381 638 J
382 613 443 637 am
459 600 506 639 de
522 601 683 638 artificiis
699 605 736 638 et
745 599 971 651 quaestibus,
989 600 1052 651 qui
1070 600 1241 638 liberales
1261 601 1436 646 habendi,

150 659 214 710 qui
232 660 373 697 sordidi
392 660 476 705 sint,
497 661 580 698 haec
600 661 677 698 fere
697 661 922 711 accepimus,
981 660 1152 698 Primum
1177 661 1438 712 improbantur
1459 666 1480 699 2

148 719 173 757 ii
190 725 370 770 quaestus‚
394 721 460 772 qui
490 721 528 759 in
558 721 643 759 odia
672 721 864 758 hominum
896 721 1100 765 incurrunt,
1126 725 1170 758 ut
1202 721 1436 772 portitorum,

148 784 192 817 ut
209 780 476 819 feneratorum.
533 781 741 820 Illiberales
773 785 901 818 autem
926 785 965 818 et
990 780 1130 819 sordidi
1149 786 1322 832 quaestus
1341 794 1437 819 mer-
1458 786 1480 819 3

149 835 381 879 cenarioriim
399 839 577 886 omnium,
593 839 754 892 quorum
773 854 913 892 operae,
928 854 1003 878 non
1018 854 1178 891 quorum
1192 846 1292 879 artes
1308 855 1437 879 emun-

149 903 222 939 tur.
278 901 348 938 Est
366 902 465 939 enim
481 902 519 939 in
537 901 608 939 illis
627 902 710 952 ipsa
728 914 873 938 merces
893 902 1218 938 auctoramentum
1237 902 1436 939 servitutis.

150 959 300 998 Sordidi
327 961 441 999 etiam
468 961 640 1012 putandi,
661 961 724 1011 qui
751 965 967 998 mercantur
985 973 1007 997 a
1032 961 1313 1005 mercatoribus,
1335 961 1438 1012 quod
1457 965 1481 999 4

149 1020 277 1058 statim
294 1021 470 1059 vendant.
527 1021 633 1059 Nihil
661 1021 760 1059 enim
789 1021 995 1072 proficiant,
1017 1021 1084 1058 nisi
1109 1021 1316 1060 admodum
1334 1035 1436 1060 men-

149 1080 291 1118 tiantur
306 1093 314 1125 ;
343 1093 412 1118 nec
428 1094 516 1118 vero
533 1086 590 1119 est
605 1081 806 1132 quicquam
821 1081 967 1132 turpius
981 1081 1158 1119 vanitate.
1199 1082 1437 1133 Opificesque
1457 1089 1479 1122 5

147 1153 276 1178 omnes
295 1140 333 1178 in
352 1141 504 1178 sordida
523 1145 603 1178 arte
623 1146 830 1178 versantur.
888 1141 970 1178 Nec
991 1141 1089 1178 enim
1109 1141 1311 1192 quicquam
1332 1142 1436 1193 inge-

146 1212 265 1238 nuum
292 1204 420 1251 potest
446 1201 588 1238 habere
614 1201 770 1239 officina.
827 1200 1056 1252 Minimeque
1077 1206 1176 1239 artes
1196 1214 1252 1239 eae
1271 1203 1435 1253 proban-
1456 1208 1479 1241 6

147 1259 218 1305 dae,
239 1273 325 1311 quae
345 1260 525 1299 ministrae
545 1265 633 1298 sunt
653 1261 917 1312 voluptatum:

418 1350 565 1395 Cetarii,
589 1351 692 1395 lanii,
714 1351 830 1400 coqui,
840 1351 1016 1401 fartores,
1030 1352 1240 1401 piscatores,

147 1443 190 1477 ut
207 1439 260 1477 ait
284 1439 492 1477 Terentius.
548 1439 665 1477 Adde
696 1440 782 1484 huc,
804 1440 835 1478 si
863 1441 999 1492 placet,
1021 1441 1301 1492 unguentarios,
1323 1443 1435 1480 salta-

145 1503 258 1543 tores,
278 1503 477 1550 totumque
495 1499 631 1537 ludum
649 1500 834 1538 talarium.
892 1501 1037 1546 Quibus
1058 1506 1187 1539 autem
1205 1502 1349 1540 artibus
1369 1507 1437 1540 aut
1456 1503 1477 1541 7

146 1559 349 1610 prudentia
372 1560 494 1610 major
519 1560 627 1603 inest,
657 1564 723 1597 aut
749 1573 824 1597 non
851 1561 1048 1598 mediocris
1076 1561 1215 1599 utilitas
1242 1562 1434 1612 quaeritur,

146 1623 190 1655 ut
208 1618 404 1663 medicina,
425 1623 468 1656 ut
496 1619 759 1663 architectura,
780 1624 824 1656 ut
844 1620 1013 1658 doctrina
1032 1633 1158 1658 rerum
1176 1622 1434 1668 honestarum,

146 1678 208 1715 hae
239 1676 326 1716 sun't
354 1679 409 1723 iis,
440 1691 600 1729 quorum
630 1679 749 1716 ordini
782 1680 1019 1725 conveniunt,
1049 1681 1233 1719 honestae.
1290 1681 1435 1720 Merca·
1456 1688 1478 1721 8

146 1742 233 1775 tura
251 1743 391 1783 autem,
412 1738 443 1776 si
462 1739 582 1776 tenuis
602 1744 671 1783 est,
688 1739 840 1777 sordida
860 1740 1030 1791 putanda
1049 1745 1107 1778 est
1123 1753 1130 1778 :
1161 1742 1217 1779 sin
1237 1754 1377 1793 magna
1396 1748 1435 1781 et

146 1799 308 1849 copiosa,
337 1799 456 1836 multa
487 1799 654 1850 undique
685 1801 893 1850 apportans
925 1800 1129 1852 multisque
1162 1801 1241 1839 sine
1268 1803 1435 1840 vanitate

145 1857 374 1910 impertiens,
394 1872 471 1897 non
489 1863 546 1897 est
565 1859 774 1897 admodum
793 1860 1053 1911 vituperanda.
1111 1861 1242 1912 Atque
1262 1862 1384 1907 etiam,
1406 1863 1436 1901 si
1456 1868 1477 1902 9

145 1918 281 1956 satiata
307 1923 470 1970 quaestu,
491 1919 551 1957 vel
580 1924 756 1958 contenta
784 1921 922 1971 potius,
944 1925 987 1958 ut
1006 1933 1108 1972 saepe
1128 1934 1176 1959 ex
1195 1922 1272 1959 alto
1291 1922 1328 1960 in
1347 1935 1432 1974 por-

145 1983 239 2024 tum,
260 1991 307 2017 ex
333 1979 416 2031 ipso
449 1984 563 2031 portu
590 1993 630 2018 se
657 1980 694 2018 in
722 1993 834 2032 agros
863 1981 1193 2032 possessionesque
1222 1983 1433 2029 contulerit,

144 2038 295 2077 videtur
318 2039 404 2091 jure
429 2040 573 2091 optimo
600 2053 710 2092 posse
730 2041 887 2078 laudari.
947 2041 1127 2079 Omnium
1147 2046 1276 2080 autem
1295 2055 1433 2088 rerum,
1457 2047 1502 2083 10

145 2111 192 2136 ex
219 2099 355 2150 quibus
382 2099 522 2151 aliquid
551 2101 766 2152 aequiritur,
796 2101 888 2139 nihil
917 2106 974 2139 est
1001 2102 1083 2153 agri
1111 2102 1260 2140 cultura
1288 2103 1434 2148 melius,

145 2158 234 2196 nihil
266 2159 425 2204 dulcius,
459 2160 548 2198 nihil
581 2161 742 2205 homine,
772 2161 863 2199 nihil
896 2162 1014 2200 libero
1042 2162 1203 2214 dignius.
1260 2163 1318 2200 De
1347 2176 1433 2214 qua,

145 2218 321 2269 quoniam
347 2219 384 2256 in
413 2220 557 2258 Catone
584 2222 726 2272 majore
756 2222 846 2259 satis
875 2222 995 2260 multa
1014 2223 1188 2267 diximus,
1210 2223 1308 2260 illinc
1328 2236 1434 2261 assu-

146 2291 237 2324 mes,
257 2291 346 2330 quae
363 2279 413 2317 ad
432 2280 532 2318 hunc
551 2281 677 2319 locum
696 2282 948 2333 pertinebunt.

197 2398 343 2437 XLIII.
373 2398 451 2437 Sed
470 2400 518 2439 ab
537 2400 580 2438 iis
599 2402 782 2452 partibus,
802 2415 889 2453 quae
908 2407 996 2441 sunt
1014 2403 1233 2447 honestatis,
1252 2415 1366 2453 quem
1384 2402 1435 2441 ad

145 2458 303 2498 modum
322 2459 444 2498 officia
462 2459 702 2504 ducerentur,
724 2462 816 2500 satis
844 2463 1058 2514 expositum
1076 2462 1236 2500 videtur.
1293 2462 1435 2502 Eorum
1455 2468 1477 2503 2
