<?xml version="1.0" encoding="UTF-8"?>
<!DOCTYPE html PUBLIC "-//W3C//DTD XHTML 1.0 Transitional//EN"
    "http://www.w3.org/TR/xhtml1/DTD/xhtml1-transitional.dtd">
<html xmlns="http://www.w3.org/1999/xhtml" xml:lang="en" lang="en">
 <head>
  <title>
</title>
<meta http-equiv="Content-Type" content="text/html;charset=utf-8" />
  <meta name='ocr-system' content='tesseract 3.04.00' />
  <meta name='ocr-capabilities' content='ocr_page ocr_carea ocr_par ocr_line ocrx_word'/>
</head>
<body>
  <div class='ocr_page' id='page_1' title='image "./deofficiislibrit00ciceuoft_0054.png"; bbox 0 0 1674 2754; ppageno 0'>
   <div class='ocr_carea' id='block_1_1' title="bbox 146 165 935 201">
    <p class='ocr_par' dir='ltr' id='par_1_1' title="bbox 146 165 935 201">
     <span class='ocr_line' id='line_1_1' title="bbox 146 165 935 201; baseline 0.003 -3"><span class='ocrx_word' id='word_1_1' title='bbox 146 165 195 199; x_wconf 83' lang='lat'>42</span> <span class='ocrx_word' id='word_1_2' title='bbox 689 176 737 200; x_wconf 80' lang='lat' dir='ltr'>m:</span> <span class='ocrx_word' id='word_1_3' title='bbox 768 176 935 201; x_wconf 63' lang='lat' dir='ltr'>offricus</span> 
     </span>
    </p>
   </div>
   <div class='ocr_carea' id='block_1_2' title="bbox 141 260 1490 1326">
    <p class='ocr_par' dir='ltr' id='par_1_2' title="bbox 170 260 1490 434">
     <span class='ocr_line' id='line_1_2' title="bbox 170 260 1490 313; baseline 0.002 -16"><span class='ocrx_word' id='word_1_4' title='bbox 170 264 192 297; x_wconf 88' lang='grc'>9</span> <span class='ocrx_word' id='word_1_5' title='bbox 213 264 300 303; x_wconf 84' lang='lat' dir='ltr'>tem,</span> <span class='ocrx_word' id='word_1_6' title='bbox 321 272 435 311; x_wconf 85' lang='lat' dir='ltr'>quam</span> <span class='ocrx_word' id='word_1_7' title='bbox 461 260 525 298; x_wconf 82' lang='lat' dir='ltr'>illa</span> <span class='ocrx_word' id='word_1_8' title='bbox 554 261 700 312; x_wconf 82' lang='lat' dir='ltr'><strong>perpeti</strong></span> <span class='ocrx_word' id='word_1_9' title='bbox 728 261 930 299; x_wconf 78' lang='lat' dir='ltr'>maluisset.</span> <span class='ocrx_word' id='word_1_10' title='bbox 989 262 1083 307; x_wconf 82' lang='lat' dir='ltr'>Quae</span> <span class='ocrx_word' id='word_1_11' title='bbox 1111 263 1410 313; x_wconf 78' lang='lat' dir='ltr'>contemplantes</span> <span class='ocrx_word' id='word_1_12' title='bbox 1429 273 1490 299; x_wconf 81' lang='lat' dir='ltr'>ex-</span> 
     </span>
     <span class='ocr_line' id='line_1_3' title="bbox 211 319 1490 372; baseline 0.002 -16"><span class='ocrx_word' id='word_1_13' title='bbox 211 319 374 370; x_wconf 83' lang='lat' dir='ltr'>pendere</span> <span class='ocrx_word' id='word_1_14' title='bbox 393 321 593 371; x_wconf 81' lang='lat' dir='ltr'>oportebit,</span> <span class='ocrx_word' id='word_1_15' title='bbox 610 321 700 371; x_wconf 90' lang='lat' dir='ltr'>quid</span> <span class='ocrx_word' id='word_1_16' title='bbox 720 321 877 371; x_wconf 91' lang='lat' dir='ltr'>quisque</span> <span class='ocrx_word' id='word_1_17' title='bbox 897 321 1037 358; x_wconf 87' lang='lat' dir='ltr'>habeat</span> <span class='ocrx_word' id='word_1_18' title='bbox 1056 322 1132 358; x_wconf 90' lang='lat' dir='ltr'>sui:</span> <span class='ocrx_word' id='word_1_19' title='bbox 1155 334 1272 372; x_wconf 88' lang='lat' dir='ltr'>eaque</span> <span class='ocrx_word' id='word_1_20' title='bbox 1292 321 1490 365; x_wconf 89' lang='lat' dir='ltr'>moderari,</span> 
     </span>
     <span class='ocr_line' id='line_1_4' title="bbox 210 378 1490 434; baseline 0.002 -18"><span class='ocrx_word' id='word_1_21' title='bbox 210 392 278 417; x_wconf 91' lang='lat' dir='ltr'>nec</span> <span class='ocrx_word' id='word_1_22' title='bbox 293 378 387 417; x_wconf 80' lang='lat' dir='ltr'>velle</span> <span class='ocrx_word' id='word_1_23' title='bbox 406 380 573 430; x_wconf 81' lang='lat' dir='ltr'>experiri,</span> <span class='ocrx_word' id='word_1_24' title='bbox 590 393 703 430; x_wconf 90' lang='lat' dir='ltr'>quam</span> <span class='ocrx_word' id='word_1_25' title='bbox 722 393 761 417; x_wconf 90' lang='lat' dir='ltr'>se</span> <span class='ocrx_word' id='word_1_26' title='bbox 781 381 900 434; x_wconf 19' lang='lat' dir='ltr'>alien-a</span> <span class='ocrx_word' id='word_1_27' title='bbox 920 381 1089 418; x_wconf 82' lang='lat' dir='ltr'><strong>deceant.</strong></span> <span class='ocrx_word' id='word_1_28' title='bbox 1145 381 1191 418; x_wconf 88' lang='lat' dir='ltr'>Id</span> <span class='ocrx_word' id='word_1_29' title='bbox 1213 381 1311 418; x_wconf 89' lang='lat' dir='ltr'>enim</span> <span class='ocrx_word' id='word_1_30' title='bbox 1330 381 1490 418; x_wconf 81' lang='lat' dir='ltr'>maxime</span> 
     </span>
    </p>

    <p class='ocr_par' dir='ltr' id='par_1_3' title="bbox 144 439 1490 610">
     <span class='ocr_line' id='line_1_5' title="bbox 144 439 1490 490; baseline 0.001 -14"><span class='ocrx_word' id='word_1_31' title='bbox 144 443 189 476; x_wconf 86' lang='lat'>10</span> <span class='ocrx_word' id='word_1_32' title='bbox 210 452 396 489; x_wconf 83' lang='lat' dir='ltr'>quemque</span> <span class='ocrx_word' id='word_1_33' title='bbox 425 439 545 483; x_wconf 82' lang='lat' dir='ltr'>decet,</span> <span class='ocrx_word' id='word_1_34' title='bbox 567 440 668 490; x_wconf 92' lang='lat' dir='ltr'>quod</span> <span class='ocrx_word' id='word_1_35' title='bbox 697 445 754 477; x_wconf 88' lang='lat' dir='ltr'>est</span> <span class='ocrx_word' id='word_1_36' title='bbox 785 440 967 490; x_wconf 89' lang='lat' dir='ltr'>cujusque</span> <span class='ocrx_word' id='word_1_37' title='bbox 998 441 1159 477; x_wconf 81' lang='lat' dir='ltr'>maxime</span> <span class='ocrx_word' id='word_1_38' title='bbox 1191 454 1312 478; x_wconf 91' lang='lat' dir='ltr'>suum.</span> <span class='ocrx_word' id='word_1_39' title='bbox 1369 440 1490 477; x_wconf 86' lang='lat' dir='ltr'>Suum</span> 
     </span>
     <span class='ocr_line' id='line_1_6' title="bbox 209 499 1490 550; baseline 0.001 -14"><span class='ocrx_word' id='word_1_40' title='bbox 209 499 366 549; x_wconf 87' lang='lat' dir='ltr'>quisque</span> <span class='ocrx_word' id='word_1_41' title='bbox 394 499 507 550; x_wconf 87' lang='lat' dir='ltr'>igitur</span> <span class='ocrx_word' id='word_1_42' title='bbox 534 504 666 536; x_wconf 86' lang='lat' dir='ltr'>noscat</span> <span class='ocrx_word' id='word_1_43' title='bbox 693 499 894 550; x_wconf 76' lang='lat' dir='ltr'>ingenium,</span> <span class='ocrx_word' id='word_1_44' title='bbox 915 512 1113 550; x_wconf 86' lang='lat' dir='ltr'>acremque</span> <span class='ocrx_word' id='word_1_45' title='bbox 1134 513 1172 537; x_wconf 87' lang='lat' dir='ltr'>se</span> <span class='ocrx_word' id='word_1_46' title='bbox 1193 505 1230 537; x_wconf 90' lang='lat' dir='ltr'>et</span> <span class='ocrx_word' id='word_1_47' title='bbox 1250 501 1433 537; x_wconf 91' lang='lat' dir='ltr'>bonorum</span> <span class='ocrx_word' id='word_1_48' title='bbox 1453 504 1490 537; x_wconf 83' lang='lat' dir='ltr'>et</span> 
     </span>
     <span class='ocr_line' id='line_1_7' title="bbox 208 559 1489 610; baseline 0.001 -15"><span class='ocrx_word' id='word_1_49' title='bbox 208 559 382 596; x_wconf 87' lang='lat' dir='ltr'>vitiorum</span> <span class='ocrx_word' id='word_1_50' title='bbox 414 571 566 595; x_wconf 90' lang='lat' dir='ltr'>suorum</span> <span class='ocrx_word' id='word_1_51' title='bbox 595 559 762 609; x_wconf 87' lang='lat' dir='ltr'>judicem</span> <span class='ocrx_word' id='word_1_52' title='bbox 795 559 976 609; x_wconf 78' lang='lat' dir='ltr'>praebeat,</span> <span class='ocrx_word' id='word_1_53' title='bbox 1006 572 1052 596; x_wconf 91' lang='lat' dir='ltr'>ne</span> <span class='ocrx_word' id='word_1_54' title='bbox 1084 559 1220 596; x_wconf 81' lang='lat' dir='ltr'>scenici</span> <span class='ocrx_word' id='word_1_55' title='bbox 1252 560 1347 610; x_wconf 90' lang='lat' dir='ltr'>plus,</span> <span class='ocrx_word' id='word_1_56' title='bbox 1378 572 1489 609; x_wconf 88' lang='lat' dir='ltr'>quam</span> 
     </span>
    </p>

    <p class='ocr_par' dir='ltr' id='par_1_4' title="bbox 141 618 1490 849">
     <span class='ocr_line' id='line_1_8' title="bbox 141 618 1489 669; baseline 0.001 -14"><span class='ocrx_word' id='word_1_57' title='bbox 141 621 185 655; x_wconf 90' lang='grc'>11</span> <span class='ocrx_word' id='word_1_58' title='bbox 207 631 287 662; x_wconf 89' lang='lat' dir='ltr'>nos,</span> <span class='ocrx_word' id='word_1_59' title='bbox 316 618 513 655; x_wconf 81' lang='lat' dir='ltr'>videantur</span> <span class='ocrx_word' id='word_1_60' title='bbox 542 618 682 655; x_wconf 88' lang='lat' dir='ltr'>habere</span> <span class='ocrx_word' id='word_1_61' title='bbox 713 618 936 668; x_wconf 80' lang='lat' dir='ltr'>prudentiae.</span> <span class='ocrx_word' id='word_1_62' title='bbox 993 618 1054 655; x_wconf 90' lang='lat' dir='ltr'>Illi</span> <span class='ocrx_word' id='word_1_63' title='bbox 1083 619 1180 656; x_wconf 92' lang='lat' dir='ltr'>enim</span> <span class='ocrx_word' id='word_1_64' title='bbox 1210 632 1284 656; x_wconf 86' lang='lat' dir='ltr'>non</span> <span class='ocrx_word' id='word_1_65' title='bbox 1315 619 1489 669; x_wconf 87' lang='lat' dir='ltr'>optimas,</span> 
     </span>
     <span class='ocr_line' id='line_1_9' title="bbox 207 677 1490 729; baseline 0.001 -14"><span class='ocrx_word' id='word_1_66' title='bbox 207 678 274 715; x_wconf 89' lang='lat' dir='ltr'>sed</span> <span class='ocrx_word' id='word_1_67' title='bbox 293 678 362 715; x_wconf 91' lang='lat' dir='ltr'>sibi</span> <span class='ocrx_word' id='word_1_68' title='bbox 381 677 787 715; x_wconf 84' lang='lat' dir='ltr'>accommodatissimas</span> <span class='ocrx_word' id='word_1_69' title='bbox 815 678 962 715; x_wconf 84' lang='lat' dir='ltr'>fabulas</span> <span class='ocrx_word' id='word_1_70' title='bbox 990 678 1142 729; x_wconf 83' lang='lat' dir='ltr'>eligunt.</span> <span class='ocrx_word' id='word_1_71' title='bbox 1199 678 1272 724; x_wconf 79' lang='lat' dir='ltr'>Qui</span> <span class='ocrx_word' id='word_1_72' title='bbox 1290 691 1382 716; x_wconf 74' lang='lat' dir='ltr'>voce</span> <span class='ocrx_word' id='word_1_73' title='bbox 1405 678 1490 716; x_wconf 88' lang='lat' dir='ltr'>freti</span> 
     </span>
     <span class='ocr_line' id='line_1_10' title="bbox 207 737 1485 789; baseline 0.001 -15"><span class='ocrx_word' id='word_1_74' title='bbox 207 743 304 782; x_wconf 85' lang='lat' dir='ltr'>sunt,</span> <span class='ocrx_word' id='word_1_75' title='bbox 339 738 533 788; x_wconf 84' lang='lat' dir='ltr'>Epigonos</span> <span class='ocrx_word' id='word_1_76' title='bbox 566 738 819 788; x_wconf 86' lang='lat' dir='ltr'>Medumque:</span> <span class='ocrx_word' id='word_1_77' title='bbox 850 737 913 788; x_wconf 92' lang='lat' dir='ltr'>qui</span> <span class='ocrx_word' id='word_1_78' title='bbox 946 743 1068 789; x_wconf 87' lang='lat' dir='ltr'>gestu,</span> <span class='ocrx_word' id='word_1_79' title='bbox 1104 738 1369 789; x_wconf 87' lang='lat' dir='ltr'>Melanippam,</span> <span class='ocrx_word' id='word_1_80' title='bbox 1401 738 1485 788; x_wconf 83' lang='lat' dir='ltr'>Cly-</span> 
     </span>
     <span class='ocr_line' id='line_1_11' title="bbox 206 797 1488 849; baseline 0.001 -16"><span class='ocrx_word' id='word_1_81' title='bbox 206 802 480 834; x_wconf 84' lang='lat' dir='ltr'>taemnestram:</span> <span class='ocrx_word' id='word_1_82' title='bbox 511 810 660 847; x_wconf 87' lang='lat' dir='ltr'>semper</span> <span class='ocrx_word' id='word_1_83' title='bbox 692 797 875 848; x_wconf 88' lang='lat' dir='ltr'>Rupilius,</span> <span class='ocrx_word' id='word_1_84' title='bbox 912 810 1024 849; x_wconf 85' lang='lat' dir='ltr'>quem</span> <span class='ocrx_word' id='word_1_85' title='bbox 1058 810 1130 849; x_wconf 86' lang='lat' dir='ltr'>ego</span> <span class='ocrx_word' id='word_1_86' title='bbox 1163 798 1325 842; x_wconf 83' lang='lat' dir='ltr'>memini,</span> <span class='ocrx_word' id='word_1_87' title='bbox 1355 798 1488 834; x_wconf 87' lang='lat' dir='ltr'>Antio-</span> 
     </span>
    </p>

    <p class='ocr_par' dir='ltr' id='par_1_5' title="bbox 142 857 1490 1206">
     <span class='ocr_line' id='line_1_12' title="bbox 142 857 1490 908; baseline 0.001 -14"><span class='ocrx_word' id='word_1_88' title='bbox 142 862 185 894; x_wconf 82' lang='lat'>.2</span> <span class='ocrx_word' id='word_1_89' title='bbox 207 869 294 906; x_wconf 85' lang='lat' dir='ltr'>pam</span> <span class='ocrx_word' id='word_1_90' title='bbox 311 870 319 900; x_wconf 91' lang='lat'>;</span> <span class='ocrx_word' id='word_1_91' title='bbox 348 869 421 892; x_wconf 90' lang='lat' dir='ltr'>non</span> <span class='ocrx_word' id='word_1_92' title='bbox 441 869 542 906; x_wconf 86' lang='lat' dir='ltr'>saepe</span> <span class='ocrx_word' id='word_1_93' title='bbox 562 857 733 906; x_wconf 90' lang='lat' dir='ltr'>AEsopus</span> <span class='ocrx_word' id='word_1_94' title='bbox 753 857 925 907; x_wconf 84' lang='lat' dir='ltr'>Ajacem.</span> <span class='ocrx_word' id='word_1_95' title='bbox 981 857 1083 908; x_wconf 87' lang='lat' dir='ltr'>Ergo</span> <span class='ocrx_word' id='word_1_96' title='bbox 1109 858 1238 895; x_wconf 86' lang='lat' dir='ltr'>histrio</span> <span class='ocrx_word' id='word_1_97' title='bbox 1257 858 1329 895; x_wconf 89' lang='lat' dir='ltr'>hoc</span> <span class='ocrx_word' id='word_1_98' title='bbox 1349 857 1490 895; x_wconf 71' lang='lat' dir='ltr'>w&#39;debit</span> 
     </span>
     <span class='ocr_line' id='line_1_13' title="bbox 205 916 1489 968; baseline 0 -14"><span class='ocrx_word' id='word_1_99' title='bbox 205 917 242 954; x_wconf 89' lang='lat' dir='ltr'>in</span> <span class='ocrx_word' id='word_1_100' title='bbox 261 928 383 958; x_wconf 86' lang='lat' dir='ltr'>scena,</span> <span class='ocrx_word' id='word_1_101' title='bbox 404 928 479 952; x_wconf 90' lang='lat' dir='ltr'>non</span> <span class='ocrx_word' id='word_1_102' title='bbox 498 916 641 953; x_wconf 85' lang='lat' dir='ltr'>videbit</span> <span class='ocrx_word' id='word_1_103' title='bbox 660 916 807 966; x_wconf 88' lang='lat' dir='ltr'>sapiens</span> <span class='ocrx_word' id='word_1_104' title='bbox 823 916 883 966; x_wconf 66' lang='grc'>111,</span> <span class='ocrx_word' id='word_1_105' title='bbox 896 916 933 952; x_wconf 89' lang='grc'>111</span> <span class='ocrx_word' id='word_1_106' title='bbox 952 916 1027 953; x_wconf 84' lang='lat' dir='ltr'>vita</span> <span class='ocrx_word' id='word_1_107' title='bbox 1040 917 1072 964; x_wconf 64' lang='grc' dir='ltr'><em>Ἡ</em></span> <span class='ocrx_word' id='word_1_108' title='bbox 1096 917 1163 954; x_wconf 91' lang='lat' dir='ltr'>Ad</span> <span class='ocrx_word' id='word_1_109' title='bbox 1185 930 1277 967; x_wconf 88' lang='lat' dir='ltr'>quas</span> <span class='ocrx_word' id='word_1_110' title='bbox 1297 917 1412 968; x_wconf 85' lang='lat' dir='ltr'>igitur</span> <span class='ocrx_word' id='word_1_111' title='bbox 1430 930 1489 954; x_wconf 87' lang='lat' dir='ltr'>res</span> 
     </span>
     <span class='ocr_line' id='line_1_14' title="bbox 206 975 1488 1027; baseline 0.001 -14"><span class='ocrx_word' id='word_1_112' title='bbox 206 975 387 1027; x_wconf 78' lang='lat' dir='ltr'>aptissimi</span> <span class='ocrx_word' id='word_1_113' title='bbox 416 976 563 1019; x_wconf 87' lang='lat' dir='ltr'>erimus,</span> <span class='ocrx_word' id='word_1_114' title='bbox 584 976 622 1012; x_wconf 92' lang='lat' dir='ltr'>in</span> <span class='ocrx_word' id='word_1_115' title='bbox 649 976 692 1013; x_wconf 89' lang='lat' dir='ltr'>iis</span> <span class='ocrx_word' id='word_1_116' title='bbox 721 976 956 1026; x_wconf 86' lang='lat' dir='ltr'>potissimum</span> <span class='ocrx_word' id='word_1_117' title='bbox 987 975 1272 1027; x_wconf 84' lang='lat' dir='ltr'>elaborabimus.</span> <span class='ocrx_word' id='word_1_118' title='bbox 1329 976 1395 1014; x_wconf 85' lang='lat' dir='ltr'>Sin</span> <span class='ocrx_word' id='word_1_119' title='bbox 1425 977 1488 1014; x_wconf 83' lang='lat' dir='ltr'>ali-</span> 
     </span>
     <span class='ocr_line' id='line_1_15' title="bbox 205 1035 1490 1087; baseline 0.001 -14"><span class='ocrx_word' id='word_1_120' title='bbox 205 1037 357 1087; x_wconf 88' lang='lat' dir='ltr'>quando</span> <span class='ocrx_word' id='word_1_121' title='bbox 387 1036 685 1073; x_wconf 85' lang='lat' dir='ltr'>necessitasnos</span> <span class='ocrx_word' id='word_1_122' title='bbox 713 1035 762 1072; x_wconf 91' lang='lat' dir='ltr'>ad</span> <span class='ocrx_word' id='word_1_123' title='bbox 790 1048 834 1072; x_wconf 84' lang='lat' dir='ltr'>ea</span> <span class='ocrx_word' id='word_1_124' title='bbox 862 1035 1074 1079; x_wconf 78' lang='lat' dir='ltr'>detruserit,</span> <span class='ocrx_word' id='word_1_125' title='bbox 1096 1049 1182 1086; x_wconf 87' lang='lat' dir='ltr'>quae</span> <span class='ocrx_word' id='word_1_126' title='bbox 1209 1036 1327 1079; x_wconf 85' lang='lat' dir='ltr'>nostri</span> <span class='ocrx_word' id='word_1_127' title='bbox 1353 1036 1490 1087; x_wconf 83' lang='lat' dir='ltr'>ingenii</span> 
     </span>
     <span class='ocr_line' id='line_1_16' title="bbox 205 1095 1488 1146; baseline -0.001 -12"><span class='ocrx_word' id='word_1_128' title='bbox 205 1109 280 1134; x_wconf 90' lang='lat' dir='ltr'>non</span> <span class='ocrx_word' id='word_1_129' title='bbox 299 1102 419 1141; x_wconf 89' lang='lat' dir='ltr'>erunt,</span> <span class='ocrx_word' id='word_1_130' title='bbox 440 1096 558 1133; x_wconf 89' lang='lat' dir='ltr'>omnis</span> <span class='ocrx_word' id='word_1_131' title='bbox 585 1095 800 1132; x_wconf 88' lang='lat' dir='ltr'>adhibenda</span> <span class='ocrx_word' id='word_1_132' title='bbox 830 1095 899 1132; x_wconf 87' lang='lat' dir='ltr'>erit</span> <span class='ocrx_word' id='word_1_133' title='bbox 927 1108 1026 1139; x_wconf 87' lang='lat' dir='ltr'>cura,</span> <span class='ocrx_word' id='word_1_134' title='bbox 1056 1095 1259 1140; x_wconf 89' lang='lat' dir='ltr'>meditatio,</span> <span class='ocrx_word' id='word_1_135' title='bbox 1286 1096 1488 1146; x_wconf 88' lang='lat' dir='ltr'>diligentia,</span> 
     </span>
     <span class='ocr_line' id='line_1_17' title="bbox 205 1155 1487 1206; baseline -0.001 -11"><span class='ocrx_word' id='word_1_136' title='bbox 205 1161 248 1194; x_wconf 78' lang='lat' dir='ltr'>ut</span> <span class='ocrx_word' id='word_1_137' title='bbox 267 1169 322 1201; x_wconf 85' lang='lat' dir='ltr'>ea,</span> <span class='ocrx_word' id='word_1_138' title='bbox 343 1156 373 1194; x_wconf 91' lang='lat' dir='ltr'>si</span> <span class='ocrx_word' id='word_1_139' title='bbox 391 1169 465 1193; x_wconf 92' lang='lat' dir='ltr'>non</span> <span class='ocrx_word' id='word_1_140' title='bbox 494 1155 640 1199; x_wconf 88' lang='lat' dir='ltr'>decore,</span> <span class='ocrx_word' id='word_1_141' title='bbox 661 1160 701 1192; x_wconf 85' lang='lat' dir='ltr'>at</span> <span class='ocrx_word' id='word_1_142' title='bbox 728 1167 842 1204; x_wconf 82' lang='lat' dir='ltr'>quam</span> <span class='ocrx_word' id='word_1_143' title='bbox 870 1155 1020 1191; x_wconf 88' lang='lat' dir='ltr'>minime</span> <span class='ocrx_word' id='word_1_144' title='bbox 1049 1155 1223 1192; x_wconf 89' lang='lat' dir='ltr'>indecore</span> <span class='ocrx_word' id='word_1_145' title='bbox 1252 1155 1375 1193; x_wconf 87' lang='lat' dir='ltr'>facere</span> <span class='ocrx_word' id='word_1_146' title='bbox 1402 1169 1487 1206; x_wconf 89' lang='lat' dir='ltr'>pos-</span> 
     </span>
    </p>

    <p class='ocr_par' dir='ltr' id='par_1_6' title="bbox 141 1214 1489 1326">
     <span class='ocr_line' id='line_1_18' title="bbox 141 1214 1489 1265; baseline -0.001 -11"><span class='ocrx_word' id='word_1_147' title='bbox 141 1221 184 1254; x_wconf 79' lang='lat'>13</span> <span class='ocrx_word' id='word_1_148' title='bbox 206 1217 332 1254; x_wconf 87' lang='lat' dir='ltr'>simus.</span> <span class='ocrx_word' id='word_1_149' title='bbox 387 1216 470 1253; x_wconf 88' lang='lat' dir='ltr'>Nec</span> <span class='ocrx_word' id='word_1_150' title='bbox 500 1220 578 1252; x_wconf 89' lang='lat' dir='ltr'>tam</span> <span class='ocrx_word' id='word_1_151' title='bbox 608 1221 665 1252; x_wconf 85' lang='lat' dir='ltr'>est</span> <span class='ocrx_word' id='word_1_152' title='bbox 693 1214 920 1257; x_wconf 86' lang='lat' dir='ltr'>enitendum,</span> <span class='ocrx_word' id='word_1_153' title='bbox 942 1219 984 1250; x_wconf 92' lang='lat' dir='ltr'>ut</span> <span class='ocrx_word' id='word_1_154' title='bbox 1013 1214 1121 1258; x_wconf 86' lang='lat' dir='ltr'>bona,</span> <span class='ocrx_word' id='word_1_155' title='bbox 1151 1228 1235 1265; x_wconf 86' lang='lat' dir='ltr'>quae</span> <span class='ocrx_word' id='word_1_156' title='bbox 1262 1215 1369 1253; x_wconf 90' lang='lat' dir='ltr'>nobis</span> <span class='ocrx_word' id='word_1_157' title='bbox 1400 1215 1489 1254; x_wconf 87' lang='lat' dir='ltr'>data</span> 
     </span>
     <span class='ocr_line' id='line_1_19' title="bbox 204 1273 1143 1326; baseline -0.002 -12"><span class='ocrx_word' id='word_1_158' title='bbox 204 1289 280 1314; x_wconf 92' lang='grc'>11011</span> <span class='ocrx_word' id='word_1_159' title='bbox 298 1276 384 1320; x_wconf 86' lang='lat' dir='ltr'>sint,</span> <span class='ocrx_word' id='word_1_160' title='bbox 405 1288 617 1326; x_wconf 87' lang='lat' dir='ltr'>sequamur,</span> <span class='ocrx_word' id='word_1_161' title='bbox 639 1287 753 1325; x_wconf 91' lang='lat' dir='ltr'>quam</span> <span class='ocrx_word' id='word_1_162' title='bbox 772 1279 815 1312; x_wconf 90' lang='lat' dir='ltr'>ut</span> <span class='ocrx_word' id='word_1_163' title='bbox 834 1273 923 1311; x_wconf 81' lang='lat' dir='ltr'>vitia</span> <span class='ocrx_word' id='word_1_164' title='bbox 941 1273 1143 1324; x_wconf 84' lang='lat' dir='ltr'>fugiamus.</span> 
     </span>
    </p>
   </div>
   <div class='ocr_carea' id='block_1_3' title="bbox 162 1392 1490 2461">
    <p class='ocr_par' dir='ltr' id='par_1_7' title="bbox 202 1392 1487 1507">
     <span class='ocr_line' id='line_1_20' title="bbox 257 1392 1487 1444; baseline 0 -12"><span class='ocrx_word' id='word_1_165' title='bbox 257 1396 420 1433; x_wconf 88' lang='lat' dir='ltr'>XXXII.</span> <span class='ocrx_word' id='word_1_166' title='bbox 441 1395 502 1432; x_wconf 89' lang='lat' dir='ltr'>Ac</span> <span class='ocrx_word' id='word_1_167' title='bbox 518 1394 666 1432; x_wconf 89' lang='lat' dir='ltr'>duabus</span> <span class='ocrx_word' id='word_1_168' title='bbox 680 1393 738 1431; x_wconf 90' lang='lat' dir='ltr'>his</span> <span class='ocrx_word' id='word_1_169' title='bbox 758 1392 937 1444; x_wconf 84' lang='lat' dir='ltr'>personiS‚</span> <span class='ocrx_word' id='word_1_170' title='bbox 954 1405 1047 1443; x_wconf 89' lang='lat' dir='ltr'>quas</span> <span class='ocrx_word' id='word_1_171' title='bbox 1063 1406 1178 1444; x_wconf 86' lang='lat' dir='ltr'>supra</span> <span class='ocrx_word' id='word_1_172' title='bbox 1193 1394 1278 1439; x_wconf 79' lang='lat' dir='ltr'>dixi,</span> <span class='ocrx_word' id='word_1_173' title='bbox 1297 1395 1406 1432; x_wconf 88' lang='lat' dir='ltr'>tertia</span> <span class='ocrx_word' id='word_1_174' title='bbox 1422 1395 1487 1432; x_wconf 87' lang='lat' dir='ltr'>ad-</span> 
     </span>
     <span class='ocr_line' id='line_1_21' title="bbox 202 1446 1487 1507; baseline -0.001 -14"><span class='ocrx_word' id='word_1_175' title='bbox 202 1455 386 1507; x_wconf 86' lang='lat' dir='ltr'>jungitur,</span> <span class='ocrx_word' id='word_1_176' title='bbox 400 1467 513 1505; x_wconf 86' lang='lat' dir='ltr'>quam</span> <span class='ocrx_word' id='word_1_177' title='bbox 529 1446 641 1491; x_wconf 26' lang='lat' dir='ltr'>casus?</span> <span class='ocrx_word' id='word_1_178' title='bbox 650 1454 763 1503; x_wconf 87' lang='lat' dir='ltr'>aliqui</span> <span class='ocrx_word' id='word_1_179' title='bbox 777 1458 843 1490; x_wconf 89' lang='lat' dir='ltr'>aut</span> <span class='ocrx_word' id='word_1_180' title='bbox 858 1458 1010 1503; x_wconf 89' lang='lat' dir='ltr'>tempus</span> <span class='ocrx_word' id='word_1_181' title='bbox 1022 1453 1199 1504; x_wconf 89' lang='lat' dir='ltr'>imponit:</span> <span class='ocrx_word' id='word_1_182' title='bbox 1221 1460 1355 1504; x_wconf 86' lang='lat' dir='ltr'>quarta</span> <span class='ocrx_word' id='word_1_183' title='bbox 1365 1455 1487 1499; x_wconf 82' lang='lat' dir='ltr'>etiam,</span> 
     </span>
    </p>

    <p class='ocr_par' dir='ltr' id='par_1_8' title="bbox 162 1513 1490 2461">
     <span class='ocr_line' id='line_1_22' title="bbox 163 1513 1490 1566; baseline -0.002 -13"><span class='ocrx_word' id='word_1_184' title='bbox 163 1521 184 1553; x_wconf 88' lang='grc'>2</span> <span class='ocrx_word' id='word_1_185' title='bbox 206 1528 321 1566; x_wconf 89' lang='lat' dir='ltr'>quam</span> <span class='ocrx_word' id='word_1_186' title='bbox 348 1515 534 1552; x_wconf 88' lang='lat' dir='ltr'>nobismet</span> <span class='ocrx_word' id='word_1_187' title='bbox 562 1514 634 1564; x_wconf 89' lang='lat' dir='ltr'>ipsi</span> <span class='ocrx_word' id='word_1_188' title='bbox 663 1513 805 1564; x_wconf 86' lang='lat' dir='ltr'>judicio</span> <span class='ocrx_word' id='word_1_189' title='bbox 832 1518 961 1550; x_wconf 90' lang='lat' dir='ltr'>nostro</span> <span class='ocrx_word' id='word_1_190' title='bbox 991 1513 1331 1552; x_wconf 85' lang='lat' dir='ltr'>accommodamus.</span> <span class='ocrx_word' id='word_1_191' title='bbox 1388 1514 1490 1551; x_wconf 84' lang='lat' dir='ltr'>Nam</span> 
     </span>
     <span class='ocr_line' id='line_1_23' title="bbox 204 1573 1487 1626; baseline -0.001 -14"><span class='ocrx_word' id='word_1_192' title='bbox 204 1587 332 1626; x_wconf 86' lang='lat' dir='ltr'>regna,</span> <span class='ocrx_word' id='word_1_193' title='bbox 367 1574 536 1624; x_wconf 88' lang='lat' dir='ltr'>imperia,</span> <span class='ocrx_word' id='word_1_194' title='bbox 570 1573 794 1617; x_wconf 79' lang='lat' dir='ltr'>nobilitates,</span> <span class='ocrx_word' id='word_1_195' title='bbox 828 1573 1001 1618; x_wconf 88' lang='lat' dir='ltr'>honores,</span> <span class='ocrx_word' id='word_1_196' title='bbox 1034 1573 1187 1617; x_wconf 80' lang='lat' dir='ltr'>divitiae,</span> <span class='ocrx_word' id='word_1_197' title='bbox 1222 1586 1326 1624; x_wconf 86' lang='lat' dir='ltr'>opes,</span> <span class='ocrx_word' id='word_1_198' title='bbox 1359 1586 1487 1624; x_wconf 89' lang='lat' dir='ltr'>eaque,</span> 
     </span>
     <span class='ocr_line' id='line_1_24' title="bbox 205 1633 1489 1685; baseline -0.002 -12"><span class='ocrx_word' id='word_1_199' title='bbox 205 1648 291 1685; x_wconf 82' lang='lat' dir='ltr'>quae</span> <span class='ocrx_word' id='word_1_200' title='bbox 321 1639 408 1672; x_wconf 90' lang='lat' dir='ltr'>sunt</span> <span class='ocrx_word' id='word_1_201' title='bbox 435 1634 493 1670; x_wconf 90' lang='lat' dir='ltr'>his</span> <span class='ocrx_word' id='word_1_202' title='bbox 522 1633 716 1677; x_wconf 87' lang='lat' dir='ltr'>contraria,</span> <span class='ocrx_word' id='word_1_203' title='bbox 736 1633 773 1669; x_wconf 97' lang='grc'>111</span> <span class='ocrx_word' id='word_1_204' title='bbox 800 1646 890 1670; x_wconf 90' lang='lat' dir='ltr'>casu</span> <span class='ocrx_word' id='word_1_205' title='bbox 914 1634 996 1678; x_wconf 87' lang='lat' dir='ltr'>sita,</span> <span class='ocrx_word' id='word_1_206' title='bbox 1016 1633 1248 1683; x_wconf 88' lang='lat' dir='ltr'>temporibus</span> <span class='ocrx_word' id='word_1_207' title='bbox 1275 1634 1489 1685; x_wconf 86' lang='lat' dir='ltr'>gubernan-</span> 
     </span>
     <span class='ocr_line' id='line_1_25' title="bbox 162 1693 1490 1746; baseline -0.002 -13"><span class='ocrx_word' id='word_1_208' title='bbox 162 1701 184 1733; x_wconf 90' lang='lat'><strong>3</strong></span> <span class='ocrx_word' id='word_1_209' title='bbox 205 1700 277 1732; x_wconf 87' lang='lat' dir='ltr'>tur.</span> <span class='ocrx_word' id='word_1_210' title='bbox 325 1694 405 1745; x_wconf 91' lang='lat' dir='ltr'>Ipsi</span> <span class='ocrx_word' id='word_1_211' title='bbox 423 1698 551 1745; x_wconf 86' lang='lat' dir='ltr'>autem</span> <span class='ocrx_word' id='word_1_212' title='bbox 567 1700 701 1744; x_wconf 79' lang='lat' dir='ltr'>‘gerere</span> <span class='ocrx_word' id='word_1_213' title='bbox 713 1706 830 1746; x_wconf 60' lang='lat' dir='ltr'>&gt;quam</span> <span class='ocrx_word' id='word_1_214' title='bbox 851 1707 874 1743; x_wconf 94' lang='lat' dir='ltr'>p</span> <span class='ocrx_word' id='word_1_215' title='bbox 889 1705 908 1730; x_wconf 95' lang='lat' dir='ltr'>e</span> <span class='ocrx_word' id='word_1_216' title='bbox 922 1706 940 1730; x_wconf 89' lang='lat' dir='ltr'>r</span> <span class='ocrx_word' id='word_1_217' title='bbox 952 1707 1001 1731; x_wconf 90' lang='lat' dir='ltr'>so</span> <span class='ocrx_word' id='word_1_218' title='bbox 1013 1707 1038 1730; x_wconf 92' lang='lat' dir='ltr'>n</span> <span class='ocrx_word' id='word_1_219' title='bbox 1051 1706 1122 1730; x_wconf 89' lang='lat' dir='ltr'>am</span> <span class='ocrx_word' id='word_1_220' title='bbox 1141 1693 1309 1738; x_wconf 83' lang='lat' dir='ltr'>velimus,</span> <span class='ocrx_word' id='word_1_221' title='bbox 1326 1706 1348 1730; x_wconf 88' lang='lat' dir='ltr'>a</span> <span class='ocrx_word' id='word_1_222' title='bbox 1362 1698 1490 1731; x_wconf 88' lang='lat' dir='ltr'>nostra</span> 
     </span>
     <span class='ocr_line' id='line_1_26' title="bbox 205 1753 1490 1804; baseline -0.001 -12"><span class='ocrx_word' id='word_1_223' title='bbox 205 1756 397 1793; x_wconf 77' lang='lat' dir='ltr'>voluntate</span> <span class='ocrx_word' id='word_1_224' title='bbox 427 1753 684 1804; x_wconf 82' lang='lat' dir='ltr'>proficiscitur.</span> <span class='ocrx_word' id='word_1_225' title='bbox 741 1753 877 1802; x_wconf 87' lang='lat' dir='ltr'>Itaque</span> <span class='ocrx_word' id='word_1_226' title='bbox 896 1766 937 1790; x_wconf 90' lang='lat' dir='ltr'>se</span> <span class='ocrx_word' id='word_1_227' title='bbox 962 1753 1023 1790; x_wconf 86' lang='lat' dir='ltr'>alii</span> <span class='ocrx_word' id='word_1_228' title='bbox 1047 1753 1095 1790; x_wconf 88' lang='lat' dir='ltr'>ad</span> <span class='ocrx_word' id='word_1_229' title='bbox 1121 1753 1408 1804; x_wconf 85' lang='lat' dir='ltr'>philosophiam,</span> <span class='ocrx_word' id='word_1_230' title='bbox 1429 1754 1490 1792; x_wconf 89' lang='lat' dir='ltr'>alii</span> 
     </span>
     <span class='ocr_line' id='line_1_27' title="bbox 205 1812 1488 1865; baseline 0 -14"><span class='ocrx_word' id='word_1_231' title='bbox 205 1814 254 1852; x_wconf 85' lang='lat' dir='ltr'>ad</span> <span class='ocrx_word' id='word_1_232' title='bbox 270 1814 333 1865; x_wconf 87' lang='lat' dir='ltr'>jus</span> <span class='ocrx_word' id='word_1_233' title='bbox 353 1813 470 1856; x_wconf 81' lang='lat' dir='ltr'>civile,</span> <span class='ocrx_word' id='word_1_234' title='bbox 491 1812 551 1849; x_wconf 86' lang='lat' dir='ltr'>alii</span> <span class='ocrx_word' id='word_1_235' title='bbox 569 1812 618 1849; x_wconf 88' lang='lat' dir='ltr'>ad</span> <span class='ocrx_word' id='word_1_236' title='bbox 637 1812 888 1862; x_wconf 85' lang='lat' dir='ltr'>eloquentiam</span> <span class='ocrx_word' id='word_1_237' title='bbox 913 1812 1105 1862; x_wconf 89' lang='lat' dir='ltr'>applicant</span> <span class='ocrx_word' id='word_1_238' title='bbox 1120 1825 1128 1856; x_wconf 91' lang='lat'>;</span> <span class='ocrx_word' id='word_1_239' title='bbox 1157 1812 1398 1863; x_wconf 90' lang='lat' dir='ltr'>ipsarumque</span> <span class='ocrx_word' id='word_1_240' title='bbox 1417 1814 1488 1851; x_wconf 87' lang='lat' dir='ltr'>vir-</span> 
     </span>
     <span class='ocr_line' id='line_1_28' title="bbox 163 1871 1489 1923; baseline 0 -12"><span class='ocrx_word' id='word_1_241' title='bbox 163 1879 186 1911; x_wconf 86' lang='lat'>4</span> <span class='ocrx_word' id='word_1_242' title='bbox 207 1879 333 1911; x_wconf 89' lang='lat' dir='ltr'>tutum</span> <span class='ocrx_word' id='word_1_243' title='bbox 361 1873 399 1910; x_wconf 89' lang='lat' dir='ltr'>in</span> <span class='ocrx_word' id='word_1_244' title='bbox 428 1872 500 1909; x_wconf 87' lang='lat' dir='ltr'>alia</span> <span class='ocrx_word' id='word_1_245' title='bbox 524 1871 617 1908; x_wconf 88' lang='lat' dir='ltr'>alius</span> <span class='ocrx_word' id='word_1_246' title='bbox 644 1871 789 1908; x_wconf 70' lang='lat' dir='ltr'>mavult</span> <span class='ocrx_word' id='word_1_247' title='bbox 816 1872 1009 1909; x_wconf 81' lang='lat' dir='ltr'>excellere.</span> <span class='ocrx_word' id='word_1_248' title='bbox 1066 1872 1236 1917; x_wconf 80' lang='lat' dir='ltr'>Quorum</span> <span class='ocrx_word' id='word_1_249' title='bbox 1255 1885 1344 1910; x_wconf 85' lang='lat' dir='ltr'>vero</span> <span class='ocrx_word' id='word_1_250' title='bbox 1363 1877 1489 1923; x_wconf 85' lang='lat' dir='ltr'>patres</span> 
     </span>
     <span class='ocr_line' id='line_1_29' title="bbox 206 1931 1489 1984; baseline 0 -14"><span class='ocrx_word' id='word_1_251' title='bbox 206 1938 273 1971; x_wconf 85' lang='lat' dir='ltr'>aut</span> <span class='ocrx_word' id='word_1_252' title='bbox 290 1933 451 1984; x_wconf 84' lang='lat' dir='ltr'>majores</span> <span class='ocrx_word' id='word_1_253' title='bbox 470 1931 594 1982; x_wconf 87' lang='lat' dir='ltr'>aliqua</span> <span class='ocrx_word' id='word_1_254' title='bbox 621 1931 739 1982; x_wconf 63' lang='lat' dir='ltr'>glovia</span> <span class='ocrx_word' id='word_1_255' title='bbox 764 1931 1031 1982; x_wconf 86' lang='lat' dir='ltr'>praestiterunt,</span> <span class='ocrx_word' id='word_1_256' title='bbox 1051 1931 1076 1969; x_wconf 92' lang='lat' dir='ltr'>ii</span> <span class='ocrx_word' id='word_1_257' title='bbox 1094 1932 1248 1969; x_wconf 81' lang='lat' dir='ltr'>student</span> <span class='ocrx_word' id='word_1_258' title='bbox 1267 1932 1489 1983; x_wconf 89' lang='lat' dir='ltr'>plerumque</span> 
     </span>
     <span class='ocr_line' id='line_1_30' title="bbox 207 1991 1489 2044; baseline 0 -13"><span class='ocrx_word' id='word_1_259' title='bbox 207 1993 341 2031; x_wconf 88' lang='lat' dir='ltr'>codem</span> <span class='ocrx_word' id='word_1_260' title='bbox 369 1993 406 2030; x_wconf 90' lang='grc'>111</span> <span class='ocrx_word' id='word_1_261' title='bbox 437 2004 575 2044; x_wconf 86' lang='lat' dir='ltr'>genere</span> <span class='ocrx_word' id='word_1_262' title='bbox 601 1991 723 2028; x_wconf 88' lang='lat' dir='ltr'>laudis</span> <span class='ocrx_word' id='word_1_263' title='bbox 751 1991 953 2029; x_wconf 84' lang='lat' dir='ltr'>excellere:</span> <span class='ocrx_word' id='word_1_264' title='bbox 989 1996 1032 2029; x_wconf 87' lang='lat' dir='ltr'>ut</span> <span class='ocrx_word' id='word_1_265' title='bbox 1061 1992 1104 2037; x_wconf 84' lang='lat' dir='ltr'>Q.</span> <span class='ocrx_word' id='word_1_266' title='bbox 1133 1992 1292 2036; x_wconf 87' lang='lat' dir='ltr'>Mucius,</span> <span class='ocrx_word' id='word_1_267' title='bbox 1316 1993 1360 2030; x_wconf 93' lang='lat' dir='ltr'>P.</span> <span class='ocrx_word' id='word_1_268' title='bbox 1376 1992 1432 2037; x_wconf 96' lang='lat' dir='ltr'>F,</span> <span class='ocrx_word' id='word_1_269' title='bbox 1452 1993 1489 2031; x_wconf 91' lang='lat' dir='ltr'>in</span> 
     </span>
     <span class='ocr_line' id='line_1_31' title="bbox 167 2051 1490 2104; baseline 0.001 -14"><span class='ocrx_word' id='word_1_270' title='bbox 167 2060 188 2094; x_wconf 86' lang='lat'>5</span> <span class='ocrx_word' id='word_1_271' title='bbox 204 2053 289 2104; x_wconf 86' lang='lat' dir='ltr'>jure</span> <span class='ocrx_word' id='word_1_272' title='bbox 317 2053 435 2096; x_wconf 81' lang='lat' dir='ltr'>civili;</span> <span class='ocrx_word' id='word_1_273' title='bbox 472 2052 595 2089; x_wconf 91' lang='lat' dir='ltr'>Paulli</span> <span class='ocrx_word' id='word_1_274' title='bbox 626 2051 722 2088; x_wconf 91' lang='lat' dir='ltr'>filius</span> <span class='ocrx_word' id='word_1_275' title='bbox 749 2051 989 2090; x_wconf 84' lang='lat' dir='ltr'>Africanus</span> <span class='ocrx_word' id='word_1_276' title='bbox 980 2067 1017 2091; x_wconf 87' lang='lat' dir='ltr'>m</span> <span class='ocrx_word' id='word_1_277' title='bbox 1044 2065 1084 2089; x_wconf 92' lang='lat' dir='ltr'>re</span> <span class='ocrx_word' id='word_1_278' title='bbox 1111 2052 1271 2091; x_wconf 85' lang='lat' dir='ltr'>militari.</span> <span class='ocrx_word' id='word_1_279' title='bbox 1327 2053 1490 2097; x_wconf 80' lang='lat' dir='ltr'>Quidam</span> 
     </span>
     <span class='ocr_line' id='line_1_32' title="bbox 208 2096 1488 2173; baseline 0 -23"><span class='ocrx_word' id='word_1_280' title='bbox 208 2118 335 2150; x_wconf 84' lang='lat' dir='ltr'>autem</span> <span class='ocrx_word' id='word_1_281' title='bbox 350 2112 399 2149; x_wconf 90' lang='lat' dir='ltr'>ad</span> <span class='ocrx_word' id='word_1_282' title='bbox 418 2124 481 2149; x_wconf 87' lang='lat' dir='ltr'>eas</span> <span class='ocrx_word' id='word_1_283' title='bbox 500 2111 643 2154; x_wconf 85' lang='lat' dir='ltr'>laudes,</span> <span class='ocrx_word' id='word_1_284' title='bbox 660 2124 753 2161; x_wconf 87' lang='lat' dir='ltr'>quas</span> <span class='ocrx_word' id='word_1_285' title='bbox 773 2123 795 2147; x_wconf 91' lang='lat' dir='ltr'>a</span> <span class='ocrx_word' id='word_1_286' title='bbox 814 2104 984 2161; x_wconf 81' lang='lat' dir='ltr'>patribus</span> <span class='ocrx_word' id='word_1_287' title='bbox 1003 2096 1242 2173; x_wconf 80' lang='lat' dir='ltr'>acceperunt,</span> <span class='ocrx_word' id='word_1_288' title='bbox 1258 2112 1404 2150; x_wconf 81' lang='lat' dir='ltr'>addunt</span> <span class='ocrx_word' id='word_1_289' title='bbox 1423 2113 1488 2150; x_wconf 88' lang='lat' dir='ltr'>ali-</span> 
     </span>
     <span class='ocr_line' id='line_1_33' title="bbox 208 2164 1489 2223; baseline -0.001 -13"><span class='ocrx_word' id='word_1_290' title='bbox 208 2185 322 2223; x_wconf 90' lang='lat' dir='ltr'>quam</span> <span class='ocrx_word' id='word_1_291' title='bbox 337 2179 465 2209; x_wconf 90' lang='lat' dir='ltr'>suam:</span> <span class='ocrx_word' id='word_1_292' title='bbox 496 2175 539 2208; x_wconf 89' lang='lat' dir='ltr'>ut</span> <span class='ocrx_word' id='word_1_293' title='bbox 557 2171 617 2208; x_wconf 90' lang='lat' dir='ltr'>hic</span> <span class='ocrx_word' id='word_1_294' title='bbox 635 2171 736 2208; x_wconf 88' lang='lat' dir='ltr'>idem</span> <span class='ocrx_word' id='word_1_295' title='bbox 750 2171 952 2209; x_wconf 79' lang='lat' dir='ltr'>Africanus</span> <span class='ocrx_word' id='word_1_296' title='bbox 968 2164 1185 2222; x_wconf 82' lang='lat' dir='ltr'>eloquentia</span> <span class='ocrx_word' id='word_1_297' title='bbox 1193 2172 1398 2209; x_wconf 65' lang='lat' dir='ltr'>cumulaxit</span> <span class='ocrx_word' id='word_1_298' title='bbox 1411 2172 1489 2210; x_wconf 88' lang='lat' dir='ltr'>oel-</span> 
     </span>
     <span class='ocr_line' id='line_1_34' title="bbox 208 2230 1489 2283; baseline 0 -13"><span class='ocrx_word' id='word_1_299' title='bbox 208 2233 317 2270; x_wconf 87' lang='lat' dir='ltr'>licam</span> <span class='ocrx_word' id='word_1_300' title='bbox 344 2231 512 2283; x_wconf 87' lang='lat' dir='ltr'>gloriam,</span> <span class='ocrx_word' id='word_1_301' title='bbox 542 2230 645 2280; x_wconf 90' lang='lat' dir='ltr'>quod</span> <span class='ocrx_word' id='word_1_302' title='bbox 674 2230 774 2267; x_wconf 86' lang='lat' dir='ltr'>idem</span> <span class='ocrx_word' id='word_1_303' title='bbox 804 2231 892 2268; x_wconf 86' lang='lat' dir='ltr'>fecit</span> <span class='ocrx_word' id='word_1_304' title='bbox 921 2232 1151 2275; x_wconf 87' lang='lat' dir='ltr'>Timotheus,</span> <span class='ocrx_word' id='word_1_305' title='bbox 1186 2231 1350 2269; x_wconf 90' lang='lat' dir='ltr'>Cononis</span> <span class='ocrx_word' id='word_1_306' title='bbox 1379 2233 1489 2276; x_wconf 88' lang='lat' dir='ltr'>filius,</span> 
     </span>
     <span class='ocr_line' id='line_1_35' title="bbox 208 2290 1489 2343; baseline 0 -14"><span class='ocrx_word' id='word_1_307' title='bbox 208 2292 284 2343; x_wconf 86' lang='lat' dir='ltr'>qui,</span> <span class='ocrx_word' id='word_1_308' title='bbox 313 2305 400 2329; x_wconf 90' lang='lat' dir='ltr'>cum</span> <span class='ocrx_word' id='word_1_309' title='bbox 427 2291 514 2329; x_wconf 92' lang='lat' dir='ltr'>belli</span> <span class='ocrx_word' id='word_1_310' title='bbox 545 2290 657 2328; x_wconf 90' lang='lat' dir='ltr'>laude</span> <span class='ocrx_word' id='word_1_311' title='bbox 689 2303 764 2327; x_wconf 90' lang='lat' dir='ltr'>non</span> <span class='ocrx_word' id='word_1_312' title='bbox 795 2290 945 2328; x_wconf 86' lang='lat' dir='ltr'>inferior</span> <span class='ocrx_word' id='word_1_313' title='bbox 977 2292 1121 2336; x_wconf 86' lang='lat' dir='ltr'>fuisset,</span> <span class='ocrx_word' id='word_1_314' title='bbox 1150 2304 1265 2342; x_wconf 86' lang='lat' dir='ltr'>quam</span> <span class='ocrx_word' id='word_1_315' title='bbox 1292 2296 1411 2342; x_wconf 86' lang='lat' dir='ltr'>pater,</span> <span class='ocrx_word' id='word_1_316' title='bbox 1440 2292 1489 2329; x_wconf 83' lang='lat' dir='ltr'>ad</span> 
     </span>
     <span class='ocr_line' id='line_1_36' title="bbox 166 2350 1489 2402; baseline 0 -13"><span class='ocrx_word' id='word_1_317' title='bbox 166 2356 190 2390; x_wconf 89' lang='lat'>6</span> <span class='ocrx_word' id='word_1_318' title='bbox 209 2364 293 2389; x_wconf 90' lang='lat' dir='ltr'>eam</span> <span class='ocrx_word' id='word_1_319' title='bbox 311 2351 463 2389; x_wconf 88' lang='lat' dir='ltr'>laudem</span> <span class='ocrx_word' id='word_1_320' title='bbox 483 2350 663 2388; x_wconf 86' lang='lat' dir='ltr'>doctrinae</span> <span class='ocrx_word' id='word_1_321' title='bbox 682 2355 720 2387; x_wconf 86' lang='lat' dir='ltr'>et</span> <span class='ocrx_word' id='word_1_322' title='bbox 738 2350 877 2401; x_wconf 85' lang='lat' dir='ltr'>ingenii</span> <span class='ocrx_word' id='word_1_323' title='bbox 899 2351 1058 2402; x_wconf 83' lang='lat' dir='ltr'>gloriam</span> <span class='ocrx_word' id='word_1_324' title='bbox 1078 2351 1227 2402; x_wconf 86' lang='lat' dir='ltr'>adjecit.</span> <span class='ocrx_word' id='word_1_325' title='bbox 1283 2351 1345 2389; x_wconf 86' lang='lat' dir='ltr'>Fit</span> <span class='ocrx_word' id='word_1_326' title='bbox 1363 2356 1489 2389; x_wconf 87' lang='lat' dir='ltr'>autem</span> 
     </span>
     <span class='ocr_line' id='line_1_37' title="bbox 209 2404 1489 2461; baseline 0 -12"><span class='ocrx_word' id='word_1_327' title='bbox 209 2411 399 2449; x_wconf 85' lang='lat' dir='ltr'>interdum</span> <span class='ocrx_word' id='word_1_328' title='bbox 436 2416 480 2448; x_wconf 86' lang='lat' dir='ltr'>ut</span> <span class='ocrx_word' id='word_1_329' title='bbox 515 2404 706 2452; x_wconf 51' lang='lat' dir='ltr'>nonnulli.</span> <span class='ocrx_word' id='word_1_330' title='bbox 731 2410 870 2448; x_wconf 88' lang='lat' dir='ltr'>omissa</span> <span class='ocrx_word' id='word_1_331' title='bbox 905 2410 1110 2448; x_wconf 88' lang='lat' dir='ltr'>imitatione</span> <span class='ocrx_word' id='word_1_332' title='bbox 1146 2411 1346 2461; x_wconf 86' lang='lat' dir='ltr'>majorum,</span> <span class='ocrx_word' id='word_1_333' title='bbox 1379 2424 1489 2449; x_wconf 87' lang='lat' dir='ltr'>suum</span> 
     </span>
    </p>
   </div>
  </div>
 </body>
</html>
