1644 2754
152 168 223 202 182
754 173 884 199 nones·

146 265 356 304 superaturus
377 260 474 291 etiam
496 269 587 291 suam
607 259 702 290 illam
715 258 870 301 priorem.
913 257 1036 288 Invidit
1049 267 1122 289 vero
1142 266 1228 287 mors
1237 259 1372 299 peracta
1388 258 1494 298 parto.

148 321 211 350 nec,
226 311 283 353 qui
299 310 469 342 succederet
483 310 573 353 operi
589 309 632 341 ad
638 309 833 352 praescripta
848 307 1050 345 lineamenta,
1065 307 1213 338 inventus
1227 310 1280 338 est.

189 411 247 443 Cn.
263 411 324 442 HI.
368 410 432 442 See
447 410 654 452 Conspectus.

190 464 217 493 2.
238 461 329 492 Nam
353 461 416 492 sive
430 484 438 492 .
452 485 459 492 .
474 485 481 492 .
496 484 504 492 .
521 459 644 502 placet]
699 458 763 490 See
789 458 815 496 I,
839 460 867 496 3,
889 459 919 495 4,
941 458 1024 488 note.
1120 454 1256 498 Vestris]
1314 454 1425 487 Cicero
1451 454 1484 486 al

147 511 238 543 ludes
253 513 287 542 to
301 511 351 542 his
367 511 450 542 son's
464 510 601 542 relation
614 512 649 541 to
665 508 848 551 Cratippus,
864 518 884 538 a
897 510 1019 538 master
1035 507 1071 538 of
1088 506 1145 537 the
1161 505 1357 548 Peripatetic
1371 504 1486 536 school.

189 565 218 594 3.
239 561 401 593 Socratem
415 585 423 593 .
438 585 445 592 .
460 585 467 592 .
482 584 490 592 .
505 558 742 601 distraxissent]
789 558 901 600 Comp.
924 557 965 589 de
987 557 1066 598 Leg.
1088 557 1113 595 I,
1139 559 1187 587 12.
1233 556 1330 587 Recte
1352 555 1496 591 Socrates

149 613 288 643 execrari
309 622 379 642 eum
401 611 526 649 solebat,
543 611 600 652 qui
609 611 742 652 primus
756 609 932 640 utilitatem
947 618 968 639 a
983 611 1105 638 natura
1120 607 1315 649 sejunxisset.
1357 605 1399 637 Id
1412 606 1497 637 enim

147 662 336 705 querebatur
351 665 448 704 caput
461 671 524 692 esse
539 661 712 692 exitiorum
728 660 879 691 omnium.
967 656 1136 700 Primum]
1174 656 1287 689 Primi
1298 655 1403 698 might
1413 655 1497 687 have

146 712 230 744 been
243 711 334 744 used.
376 712 409 742 Z.
425 711 478 742 Gr.
495 709 515 752 ξ
532 712 604 742 686.

189 765 218 794 5.
239 760 438 803 Indolentia]
484 760 561 791 This
575 759 674 797 word,
690 758 858 800 according
873 761 908 790 to
922 758 1054 796 Nonius,
1069 758 1127 798 (II,
1142 758 1229 796 453)
1242 766 1311 788 was
1327 755 1440 788 coined
1453 756 1498 799 by

147 813 268 851 Cicero,
283 814 318 843 to
332 813 501 853 represent
514 810 570 841 the
587 809 696 841 Greek
718 809 888 847 ἀναλγησία,
909 808 1014 840 which
1028 818 1107 850 may
1122 807 1191 839 also
1205 807 1247 839 be
1262 806 1402 838 inferred
1417 807 1499 838 from

146 863 188 894 de
203 862 270 893 Fin.
286 862 328 900 IL
349 865 379 899 4,
397 864 434 892 11
448 872 454 892 :
477 871 554 891 num
565 864 737 902 propterea
752 859 898 901 voluptas
913 859 995 890 idem
1010 863 1062 897 est,
1079 858 1169 901 quod,
1184 869 1207 888 u
1218 862 1231 889 t
1254 859 1322 889 ita
1345 857 1500 895 dicam,

147 914 193 944 in
203 912 272 944 dol
283 923 297 943 e
307 923 330 943 n
341 916 354 943 t
364 912 376 942 i
387 923 407 942 a
415 936 422 942 .
513 910 576 949 Qui
598 920 648 941 res
663 909 850 952 expetendas
864 909 911 940 vel
933 909 1096 951 voluptate
1109 909 1160 940 vel
1174 908 1353 940 indolentia
1366 908 1500 938 metiun-

148 963 217 1006 tur]
263 963 302 994 In
316 962 372 993 the
387 961 479 993 word
492 961 653 1003 voluptate
668 960 779 991 Cicero
795 958 920 990 alludes
931 961 976 997 ,to
991 958 1048 989 the
1065 957 1221 1001 Cyrenaic
1235 961 1304 989 sect
1318 958 1354 989 of
1365 957 1500 998 Aristip-

147 1024 218 1057 pus,
232 1013 266 1044 in
280 1012 459 1044 indolentia
478 1014 513 1042 to
528 1011 600 1042 that
615 1010 652 1041 of
673 1009 891 1052 Hieronymus
907 1009 943 1040 of
962 1008 1100 1040 Rhodes.
1145 1008 1258 1051 Comp.
1273 1007 1314 1040 de
1329 1007 1397 1039 Fin.
1413 1007 1456 1046 11,
1472 1010 1501 1046 6,

150 1067 208 1096 19:
230 1074 286 1095 nec
308 1063 514 1105 Aristippus,
530 1062 588 1104 qui
603 1061 796 1103 voluptatem
811 1070 969 1091 summum
987 1060 1104 1091 bonum
1119 1059 1205 1097 (licit,
1220 1060 1259 1090 in
1272 1058 1434 1101 voluptate
1443 1069 1501 1100 po-

148 1116 199 1146 nit
214 1125 281 1146 non
295 1113 397 1145 dolere
405 1124 418 1150 ;
442 1123 542 1154 neque
557 1111 783 1152 Hieronymus,
799 1111 863 1153 qui
878 1120 1036 1141 summum
1055 1110 1171 1141 bonum
1186 1109 1300 1141 statuit
1315 1119 1382 1140 non
1393 1108 1501 1146 dolere,

148 1165 322 1208 voluptatis
336 1164 465 1196 nomine
486 1173 631 1204 unquam
645 1163 751 1193 utitur
766 1172 832 1204 pro
854 1161 916 1192 illa
943 1161 956 1191 i
967 1172 989 1191 n
999 1160 1047 1192 do
1057 1160 1069 1191 l
1079 1171 1094 1191 e
1104 1171 1127 1190 n
1137 1161 1171 1192 ti
1182 1170 1203 1191 α
1213 1171 1224 1192 .·
1258 1160 1378 1202 quippe
1392 1159 1449 1201 qui
1463 1168 1503 1190 ne

149 1217 187 1248 in
202 1214 381 1258 expetendis
396 1213 522 1256 quidem
537 1212 628 1244 rebus
643 1215 785 1243 nume-ret
800 1211 999 1253 voluptatem.
1043 1210 1080 1241 B.

193 1265 221 1298 ’7.
248 1265 474 1297 Convenienter
495 1266 622 1293 naturae
643 1261 759 1303 vivere]
806 1261 917 1302 Comp.
934 1260 974 1291 de
990 1260 1056 1291 Fin.
1072 1260 1113 1297 V,
1130 1260 1158 1297 9,
1175 1262 1234 1298 26;
1256 1258 1426 1290 secundum
1446 1269 1502 1289 na-

150 1320 258 1347 turam
280 1315 402 1346 vivere:
438 1312 523 1355 quod
544 1313 593 1343 ita
613 1313 866 1354 interpretemur,
882 1311 983 1341 vivere
998 1321 1035 1341 ex
1050 1310 1192 1341 hominis
1217 1313 1339 1340 natura
1361 1308 1503 1350 undique

148 1366 291 1408 perfecta
316 1368 345 1395 et
368 1363 456 1394 nihil
482 1363 670 1403 requirente.
764 1361 840 1399 Quce
863 1360 1031 1391 secundum
1055 1364 1210 1390 naturam
1232 1358 1347 1400 essent]
1393 1358 1504 1389 Cicero

151 1416 227 1446 here
242 1424 355 1445 means
370 1413 462 1444 those
478 1412 587 1452 things
602 1411 708 1442 which
724 1410 778 1451 (de
794 1411 860 1441 Fin.
876 1410 918 1448 V,
933 1409 962 1448 7,
979 1409 1033 1451 18)
1048 1409 1089 1440 he
1105 1408 1183 1440 calls
1200 1409 1315 1451 prima
1336 1407 1502 1440 secundum

151 1470 305 1497 naturam
320 1489 327 1495 .
343 1488 349 1495 .
365 1488 371 1495 .
387 1488 394 1494 .
409 1474 421 1500 ,·
445 1463 484 1494 in
499 1462 616 1504 quibus
631 1465 803 1492 numerant
825 1460 1079 1491 incolumitatem
1100 1459 1428 1500 conservationemque
1442 1469 1504 1489 om-

151 1517 244 1547 nium
258 1515 416 1558 partium.
433 1512 653 1549 valetudinem,
669 1521 777 1542 sensus
799 1512 947 1553 integros,
962 1510 1082 1541 doloris
1101 1510 1299 1547 vacuitatem,
1321 1508 1412 1546 vires,
1430 1508 1505 1551 pul-

151 1565 374 1602 chritudinem,
389 1568 490 1595 cetera
502 1563 628 1605 generis
643 1561 784 1604 ejusdem.
818 1562 930 1603 Comp.
943 1563 971 1599 5,
989 1564 1016 1599 2,
1033 1562 1061 1598 8,
1079 1562 1118 1591 10
1131 1571 1138 1599 ;
1162 1562 1190 1598 Β,
1206 1558 1375 1591 2.--Ita
1389 1557 1502 1600 leyere]

152 1616 220 1647 The
236 1615 400 1655 following
423 1623 562 1656 passage
579 1613 662 1644 from
686 1611 726 1644 de
742 1611 809 1643 Fin.
831 1611 891 1650 IV,
902 1614 952 1650 25,
967 1611 1018 1649 71,
1033 1610 1101 1641 will
1116 1620 1208 1641 serve
1224 1612 1258 1641 to
1273 1609 1404 1652 explain
1419 1608 1505 1640 Cice-

153 1667 212 1697 ro's
227 1664 387 1706 meaning.
430 1663 540 1695 Alledia
556 1663 624 1701 illa,
640 1663 726 1694 inter
742 1673 812 1704 quoe
826 1662 914 1693 nihil
931 1662 1068 1700 interest,
1085 1665 1191 1692 tamen
1205 1660 1356 1702 ejusmodi
1371 1663 1454 1698 sunt,
1468 1663 1505 1690 ut

154 1726 262 1748 eorum
284 1715 354 1746 alia
376 1713 520 1756 eligenda
543 1714 617 1751 sint,
633 1713 703 1744 alia
725 1712 902 1754 rejicienda,
919 1711 989 1742 alia
1014 1712 1145 1742 omnino
1160 1710 1354 1752 nthyenda,
1370 1710 1427 1741 hoc
1453 1713 1505 1748 est,

155 1771 189 1798 ut
204 1776 312 1797 eorum
327 1765 397 1796 alia
411 1764 496 1802 velis,
513 1763 582 1795 alia
596 1763 690 1801 nolis,
705 1763 775 1794 alia
791 1773 857 1794 non
871 1772 967 1793 cures.

198 1818 226 1847 8.
249 1814 394 1857 Putant]
419 1814 483 1846 sciL
500 1813 607 1845 Stoici.

199 1869 227 1898 9.
251 1866 313 1897 See
330 1865 536 1906 Conspectus
624 1862 750 1905 Atque]
765 1862 824 1893 has
835 1861 891 1893 the
903 1860 1112 1902 signification
1129 1860 1165 1892 of
1185 1864 1226 1891 at.
1314 1858 1368 1902 Id]
1394 1859 1498 1901 Comp

155 1917 181 1955 Ι,
197 1919 247 1954 35,
264 1919 301 1954 3;
323 1915 387 1946 and
408 1914 498 1952 infra,
515 1913 534 1956 ξ
553 1916 600 1945 1Ο.
689 1912 935 1951 Similitudines,
951 1911 1024 1954 ete]
1071 1912 1133 1942 For
1154 1910 1210 1942 the
1226 1908 1375 1941 omission
1396 1909 1433 1940 of
1449 1909 1505 1941 the

155 1965 359 1997 adversative
374 1964 518 2006 particle,
533 1974 588 1995 see
604 1964 635 1995 Z.
652 1964 705 1995 Gr.
722 1962 742 2005 ξ
759 1963 776 1995 7
781 1965 831 1994 81.

201 2018 249 2046 10.
277 2015 395 2056 Officia,
409 2014 521 2052 media,
537 2014 726 2052 communia,
741 2012 875 2055 rectum]
921 2012 1032 2054 Comp.
1048 2012 1074 2050 1,
1090 2015 1118 2050 3,
1133 2014 1163 2048 4,
1177 2012 1260 2042 note.

201 2067 250 2097 11.
277 2064 392 2096 Omnes
406 2074 552 2095 numeros
567 2063 674 2106 habet]
720 2062 904 2104 Heusinger
919 2072 1013 2104 says:
1035 2061 1230 2103 Metaplzora
1244 2065 1288 2092 est
1303 2071 1325 2092 a
1341 2060 1506 2103 paloestra,

157 2116 248 2156 cujus
273 2124 378 2146 omnes
403 2118 506 2145 motus
521 2113 564 2144 ad
583 2113 673 2145 decus
687 2114 874 2155 compositos
889 2113 946 2154 qui
963 2111 1210 2154 pmdidicerant,
1234 2121 1340 2142 omnes
1359 2120 1507 2142 numeros

158 2166 271 2198 habere
285 2165 477 2197 diceba-ntur.
669 2202 674 2207 Δ

203 2218 251 2247 13.
273 2213 458 2256 Poematis]
504 2213 567 2244 See
592 2213 622 2244 Z.
647 2213 700 2244 Gr.
717 2211 737 2254 ἓ
753 2210 1110 2254 67.———Unaquaque]
1156 2211 1291 2242 Bonnell
1312 2209 1408 2242 reads
1430 2220 1507 2253 qua-

159 2276 218 2309 que
241 2264 370 2308 simply.
413 2265 477 2296 For
501 2263 558 2295 the
583 2262 761 2301 difference,
784 2272 839 2293 see
863 2262 895 2293 Z.
920 2262 974 2293 Gr.
998 2260 1017 2303 ἓ
1045 2262 1063 2294 7
1070 2261 1288 2293 10.—0am
1311 2264 1386 2292 sunt
1407 2259 1506 2302 docti]

162 2317 272 2360 Comp.
288 2315 309 2359 ἓ
326 2319 365 2347 12
378 2326 385 2347 :
407 2326 479 2347 cum
493 2319 600 2346 actum
614 2318 666 2345 est.

203 2417 264 2450 ΟΒ.
279 2416 338 2449 IV.
385 2418 408 2448 1.
433 2415 579 2448 Smmda
593 2413 739 2456 honesta]
794 2413 922 2445 Virtues
935 2413 976 2456 of
984 2412 1036 2444 the
1050 2412 1163 2445 second
1175 2411 1268 2444 rank.
1311 2411 1344 2444 Z.
