1674 2754
654 217 768 242 LIBER
786 217 843 243 11.·
884 217 971 243 CAP.
994 219 1087 245 xvn.
1500 207 1547 247 ’78

196 305 376 343 cultatem
395 304 561 342 fructum
581 304 793 342 divitiarum
813 309 934 355 putat.
992 305 1086 341 Mihi
1105 309 1232 342 autem
1252 305 1314 343 ille
1333 306 1479 345 fructus
1500 313 1522 346 5

195 364 435 409 liberalitatis,
458 365 566 416 cujus
595 377 717 415 pauca
745 364 918 415 exempla
947 365 1067 414 posui,
1089 364 1208 401 multo
1229 370 1266 402 et
1292 367 1413 416 major
1428 367 1479 404 vi-

195 425 307 463 detur
325 429 363 462 et
389 425 534 462 certior.
593 425 744 469 Quanto
763 424 893 461 Aristo
915 424 1015 461 Ceus
1044 424 1196 475 gravius
1217 430 1255 462 et
1274 426 1397 463 verius
1418 440 1485 464 nos
1503 431 1523 464 6

193 485 448 536 reprehendit,
469 485 533 535 qui
562 485 631 522 has
660 484 904 535 pecuniarum
930 484 1128 521 effusiones
1147 497 1223 521 non
1243 484 1479 530 admiremur,

194 558 282 596 quae
302 545 397 582 fiunt
422 545 472 582 ad
499 545 781 582 multitudinem
803 544 1052 581 deliniendam
1071 556 1078 581 :
1109 549 1148 581 at
1166 544 1202 588 ii,
1223 545 1286 595 qui
1305 545 1353 582 ab
1374 545 1481 582 hoste
1504 546 1524 583 7

194 605 426 649 obsidentur,
451 605 482 642 si
512 617 636 642 emere
665 598 775 654 aquae
803 604 1006 641 sextarium
1034 604 1134 641 mina
1155 609 1390 655 cogerentur,
1412 606 1482 642 hoc

195 665 317 716 primo
345 665 479 702 auditu
506 664 721 702 incredibile
747 664 855 701 nobis
874 664 1001 707 videri,
1024 677 1229 715 omnesque
1247 664 1382 708 mirari,
1405 665 1483 709 sed,

196 738 282 762 cum
311 725 550 769 attenderint,
570 724 716 762 veniam
744 724 957 761 necessitati
977 724 1090 768 dare;
1119 725 1157 761 in
1182 724 1240 762 his
1259 724 1483 763 immanibus
1505 730 1526 763 8

192 785 349 836 jacturis
368 785 592 835 infinitisque
612 785 826 836 sumptibus
845 785 935 822 nihil
955 798 1023 821 nos
1042 797 1181 836 magno
1202 797 1315 835 opere
1335 785 1483 829 mirari;

195 859 282 883 cum
313 845 527 896 praesertim
554 857 676 895 neque
709 845 925 882 necessitati
953 845 1207 888 subveniatur,
1231 857 1301 882 neo
1322 845 1483 896 dignitas

195 910 392 956 augeatur,
420 905 579 956 ipsaque
611 905 675 942 illa
704 905 906 942 delectatio
937 904 1187 941 multitudinis
1216 904 1264 942 sit
1290 905 1340 942 ad
1371 906 1485 942 breve

196 966 449 1017 exiguumque
477 969 642 1015 tempus,
664 977 783 1015 eaque
814 977 836 1001 a
863 964 1051 1002 levissimo
1079 977 1250 1015 quoque:
1279 965 1317 1002 in
1335 978 1410 1015 quo
1429 970 1485 1002 ta-

196 1038 283 1063 men
310 1025 392 1076 ipso
419 1037 495 1062 una
523 1038 610 1062 cum
638 1025 823 1069 satietate,
844 1024 1024 1062 memoria
1043 1037 1195 1075 quoque
1221 1025 1402 1062 moriatur
1420 1038 1483 1063 vo-

197 1085 363 1136 luptatis.
420 1086 523 1122 Bene
552 1085 664 1122 etiam
693 1085 846 1135 colligit,
872 1085 955 1122 haec
984 1085 1108 1135 pueris
1135 1089 1173 1121 et
1199 1085 1426 1122 mulierculis
1446 1090 1485 1122 et
1506 1090 1528 1123 9

196 1145 314 1182 servis
342 1149 380 1182 et
408 1158 602 1182 servorum
631 1145 824 1182 simillimis
853 1144 977 1181 liberis
1001 1156 1082 1181 esse
1108 1149 1242 1195 grata;
1271 1145 1377 1195 gravi
1396 1158 1485 1182 vero

195 1205 346 1250 homini,
367 1210 406 1242 et
433 1217 489 1249 ea,
517 1217 604 1255 quae
631 1205 737 1248 fiunt,
764 1204 908 1255 judicio
936 1208 1039 1241 certo
1069 1204 1303 1255 ponderanti,
1335 1205 1486 1255 probari

195 1278 306 1316 posse
333 1265 436 1302 nullo
463 1265 589 1302 modo.
647 1265 888 1314 Quamquam
917 1264 1098 1315 intelligo,
1119 1264 1157 1301 in
1187 1268 1315 1301 nostra
1335 1265 1485 1302 civitate
1508 1269 1555 1303 10

193 1325 419 1364 inveterasse
436 1325 516 1376 jam
535 1325 644 1363 bonis
664 1325 910 1375 temporibus,
931 1329 974 1361 ut
994 1324 1174 1375 splendor
1194 1324 1417 1362 aedilitatum
1437 1326 1485 1363 ab

194 1386 344 1438 optimis
362 1385 448 1422 viris
476 1386 699 1436 postuletur.
758 1386 895 1435 Itaque
918 1389 956 1421 et
977 1385 1022 1423 P.
1046 1385 1218 1429 Crassus,
1239 1398 1326 1422 cum
1348 1398 1484 1437 cogno·
1509 1390 1551 1423 11

194 1446 292 1484 mine
325 1445 441 1489 dives,
470 1449 555 1482 tum
585 1445 712 1496 copiis,
742 1445 896 1482 functus
925 1449 983 1482 est
1017 1445 1176 1482 aedilicio
1204 1445 1369 1482 maximo
1401 1459 1483 1483 mu-

194 1519 294 1550 nere,
315 1510 354 1543 et
381 1504 496 1556 paulo
525 1510 613 1556 post
641 1505 682 1542 L.
707 1505 866 1542 Crassus
887 1518 973 1541 cum
994 1504 1160 1541 omnium
1188 1504 1384 1542 hominum
1404 1519 1484 1543 mo-

195 1565 440 1609 deratissimo,
471 1565 516 1609 Q.
546 1565 684 1608 Mucio,
713 1564 1083 1615 magnificentissima
1115 1564 1294 1602 aedilitate
1333 1565 1486 1602 functus

196 1631 277 1664 est:
307 1624 443 1662 deinde
476 1624 518 1662 C.
550 1624 744 1667 Claudius,
766 1624 886 1674 Appii
911 1624 1031 1660 filius:
1072 1624 1181 1661 multi
1209 1628 1307 1675 post,
1329 1624 1488 1669 Luculli,

196 1685 431 1728 Hortensius,
454 1683 614 1722 Silanus.
655 1684 796 1721 Omnes
815 1688 943 1721 autem
963 1684 1006 1722 P.
1025 1683 1221 1727 Lentulus,
1237 1696 1297 1721 me
1319 1685 1482 1728 consule,
1507 1689 1554 1723 12

195 1745 281 1784 vicit
300 1744 524 1796 superiores.
572 1745 686 1781 Hunc
706 1749 764 1781 est
784 1743 949 1781 Scaurus
969 1743 1148 1782 imitatus.
1196 1744 1485 1795 Magnificentis-

195 1806 289 1844 sima
306 1817 396 1842 vero
414 1804 532 1842 nostri
550 1804 721 1855 Pompeii
740 1817 897 1841 munera
917 1803 1084 1841 secundo
1104 1804 1324 1842 consulatu:
1352 1804 1390 1842 in
1404 1805 1485 1855 qui-

195 1867 266 1904 bus
281 1864 455 1902 omnibus
470 1864 561 1915 quid
576 1864 665 1901 mihi
686 1864 846 1915 placeat,
863 1863 978 1902 vides.
1026 1864 1155 1901 XVII.
1178 1864 1345 1902 Vitanda
1359 1869 1487 1902 tamen

195 1925 357 1977 suspicio
376 1930 433 1963 est
453 1925 628 1962 avaritiae.
686 1925 894 1969 Mamerco,
917 1924 1058 1962 homini
1078 1924 1308 1969 divitissimo,
1331 1930 1484 1976 praeter-

194 1986 320 2024 missio
350 1986 537 2024 aedilitatis
567 1985 786 2023 consulatus
814 1985 1008 2036 repulsam
1036 1985 1176 2023 attulit.
1235 1986 1360 2030 Quare
1380 1990 1430 2030 et,
1452 1986 1482 2023 si
1505 1990 1526 2024 2

195 2046 410 2098 postulatur
428 2059 451 2084 a
470 2046 624 2098 populo,
645 2045 753 2083 bonis
774 2045 860 2083 viris
887 2045 917 2083 si
936 2058 1012 2083 non
1032 2045 1345 2089 desiderantibus,
1370 2050 1410 2083 at
1430 2051 1485 2083 ta-

196 2119 282 2144 men
298 2107 609 2158 approbantibus,
623 2105 837 2143 faciendum
853 2110 921 2150 est,
935 2105 1049 2144 modo
1066 2119 1135 2157 pro
1150 2106 1406 2150 facultatibus,
1419 2119 1487 2143 nos

197 2166 267 2217 ipsi
292 2171 336 2204 ut
362 2167 519 2205 fecimus
536 2179 544 2211 ;
573 2172 622 2210 et,
644 2166 674 2203 si
693 2167 846 2217 quando
867 2166 991 2217 aliqua
1010 2179 1069 2204 res
1089 2166 1211 2217 major
1229 2171 1343 2216 atque
1362 2166 1487 2204 utilior

197 2226 369 2277 populari
400 2227 594 2278 largitione
622 2227 852 2277 acquiritur;
888 2231 932 2264 ut
962 2226 1086 2264 Oresti
1115 2239 1236 2277 nuper
1264 2226 1422 2276 prandia
1450 2226 1485 2262 in

197 2286 337 2323 semitis
357 2286 527 2324 decumae
545 2287 692 2325 nomine
711 2300 851 2339 magno
871 2287 1004 2325 honori
1032 2287 1195 2324 fuerunt.
1252 2286 1312 2323 Ne
1332 2286 1383 2323 M.
1405 2285 1484 2334 qui·
1507 2290 1528 2322 3

197 2345 285 2383 dem
319 2345 405 2383 Seio
433 2346 521 2384 vitio
549 2347 681 2384 datum
710 2351 778 2391 est,
808 2347 911 2397 quod
946 2347 982 2384 in
1011 2347 1166 2384 caritate
1200 2358 1283 2383 asse
1316 2344 1484 2382 modium

197 2405 340 2457 populo
360 2405 475 2444 dedit.
517 2405 659 2457 Magna
678 2407 776 2444 enim
796 2419 835 2444 se
855 2411 894 2444 et
912 2407 1120 2444 inveterata
1138 2404 1276 2443 invidia
1294 2417 1364 2442 nec
1384 2404 1486 2455 turpi

195 2465 355 2517 jactura,
375 2465 527 2516 quando
547 2470 628 2504 erat
650 2466 778 2509 aedilis,
799 2479 869 2504 nec
888 2466 1050 2503 maxima
1072 2464 1253 2502 liberavit.
1311 2463 1388 2502 Sed
1416 2464 1483 2502 ho·
1505 2467 1528 2503 4
