1674 2754
533 513 726 562 LIBER
763 514 1114 564 SECUNDUS.

195 770 226 810 I.
248 773 560 819 QUEMADMODUM
572 774 692 812 officia
707 774 934 812 ducerentur
945 775 993 813 ab
1005 775 1215 821 honestate,
1229 776 1358 815 Marce
1370 777 1432 822 fili,

142 837 256 883 atque
276 834 326 872 ab
346 834 447 871 omni
466 847 604 886 genere
620 835 779 878 virtutis,
802 835 891 872 satis
911 836 1140 886 explicatum
1161 837 1321 875 arbitror
1339 838 1434 876 libro

143 894 343 944 superiore.
400 895 590 946 Sequitur,
622 900 666 932 ut
694 896 776 932 haeo
810 896 1015 933 officiorum
1046 909 1185 947 genera
1215 910 1432 948 persequar,
1455 903 1476 935 2

142 967 228 1004 quae
256 954 443 1005 pertinent
473 955 522 992 ad
551 955 639 993 vitae
668 955 824 999 cultum,
847 961 885 993 et
904 955 952 993 ad
979 969 1109 993 earum
1138 970 1276 1001 rerum,
1298 958 1435 1008 quibus

144 1018 301 1052 utuntur
319 1015 498 1059 homines,
514 1015 746 1059 facultatem,
761 1016 809 1052 ad
830 1028 933 1067 opes,
948 1016 996 1053 ad
1013 1017 1151 1068 copias.
1196 1018 1241 1054 In
1257 1031 1331 1068 quo
1352 1023 1433 1055 tum

142 1075 261 1124 quaeri
281 1075 366 1119 dixi,
388 1075 478 1126 quid
497 1075 599 1119 utile,
621 1075 710 1126 quid
729 1076 857 1113 inutile
874 1089 881 1113 :
909 1081 991 1113 tum
1012 1090 1058 1113 ex
1077 1077 1232 1115 utilibus
1252 1078 1343 1128 quid
1362 1079 1434 1115 uti-

142 1135 222 1178 lius,
244 1140 310 1172 aut
329 1136 419 1186 quid
438 1131 599 1172 manime
618 1136 720 1173 utile.
777 1136 834 1173 De
855 1137 991 1186 quibus
1020 1137 1145 1174 dicere
1169 1137 1383 1189 aggrediar,
1405 1138 1436 1175 si

141 1207 263 1245 pauca
282 1195 384 1246 prius
404 1195 452 1233 de
470 1195 641 1232 instituto
660 1208 703 1232 ac
725 1196 772 1232 de
789 1196 934 1246 judicio
954 1209 1039 1233 meo
1060 1196 1200 1234 dixero.

193 1255 432 1306 Quamquam
461 1255 561 1293 enim
591 1255 674 1293 libri
704 1256 822 1294 nostri
851 1257 1065 1307 complures
1085 1270 1160 1294 non
1179 1257 1292 1295 modo
1312 1258 1362 1295 ad
1382 1258 1433 1296 le·
1455 1263 1477 1296 3

139 1315 263 1367 gendi,
278 1316 345 1353 sed
361 1316 474 1353 etiam
489 1316 537 1353 ad
558 1316 743 1354 scribendi
764 1316 932 1354 studium
949 1317 1218 1362 excitaverunt,
1232 1322 1359 1356 tamen
1379 1319 1432 1356 in-

141 1375 291 1413 terdum
309 1388 451 1420 vereor,
471 1389 519 1414 ne
539 1377 765 1427 quibusdam
794 1377 900 1414 bonis
920 1377 1006 1415 viris
1028 1378 1278 1429 philosophiae
1297 1392 1434 1417 nomen

140 1436 187 1473 sit
206 1436 377 1481 invisum,
398 1437 665 1487 mirenturque,
686 1437 723 1474 in
753 1450 797 1475 ea
825 1442 973 1475 tantum
1002 1451 1063 1475 me
1083 1451 1211 1489 operae
1230 1443 1268 1476 ct
1287 1444 1433 1491 tempo-

141 1496 189 1533 ris
220 1508 370 1547 ponere.
425 1497 510 1548 Ego
537 1502 666 1535 autem
685 1510 798 1548 quam
819 1497 884 1535 diu
901 1511 962 1535 res
982 1498 1134 1549 publica
1153 1511 1222 1549 per
1241 1512 1304 1537 eos
1325 1513 1431 1551 gere·
1453 1505 1476 1538 4

141 1557 262 1600 batur,
283 1556 419 1607 quibus
440 1569 480 1594 se
499 1556 582 1607 ipsa
610 1557 856 1601 commiserat,
879 1571 1009 1595 omnes
1037 1571 1142 1595 meas
1162 1571 1270 1595 curas
1291 1560 1432 1610 cogita—
1456 1600 1458 1602 ,

142 1616 334 1666 tionesque
352 1616 389 1653 in
409 1629 492 1654 eam
520 1617 770 1655 conferebam.
828 1618 927 1655 Cum
956 1623 1083 1656 autem
1107 1618 1303 1656 dominatu
1323 1620 1432 1657 unius
1454 1627 1475 1659 5

141 1676 264 1714 omnia
282 1680 506 1721 tenerentur,
528 1690 650 1727 neque
673 1683 771 1715 esset
799 1691 960 1729 usquam
992 1679 1143 1717 consilio
1174 1685 1241 1717 aut
1271 1681 1432 1718 auctori-

140 1736 208 1774 tati
227 1736 342 1781 locus,
363 1737 483 1775 socios
502 1737 663 1787 denique
691 1729 844 1776 tuendae
864 1739 916 1776 rei
936 1739 1108 1789 publicae,
1131 1753 1301 1777 summos
1321 1740 1431 1785 viros,

139 1796 364 1834 amisissem:
385 1809 454 1834 nec
468 1809 529 1834 me
545 1797 746 1848 angoribus
766 1798 904 1842 dedidi,
922 1799 1058 1849 quibus
1079 1812 1201 1837 essem
1222 1800 1430 1845 confectus,

139 1856 206 1894 nisi
224 1857 266 1894 iis
285 1849 516 1902 restitissem,
529 1870 598 1896 nec
612 1871 762 1895 rursum
781 1858 942 1910 indignis
963 1859 1112 1897 homine
1128 1860 1241 1898 docto
1256 1860 1430 1912 volupta-

139 1917 250 1955 tibus.
293 1917 424 1968 Atque
438 1917 583 1955 utinam
602 1931 662 1956 res
678 1919 831 1969 publica
847 1919 1023 1964 stetisset,
1038 1932 1114 1970 quo
1130 1925 1301 1972 coeperat
1315 1925 1430 1966 statu,
1453 1926 1474 1959 6

139 1989 206 2015 nec
220 1977 258 2014 in
271 1977 440 2016 homines
454 1991 529 2016 non
542 1982 621 2016 tam
637 1979 1000 2024 commutandarum,
1014 1993 1128 2030 quam
1143 1980 1431 2019 evertendarum

139 2049 264 2074 rerum
284 2037 442 2090 cupidos
466 2038 665 2076 incidisset.
721 2039 892 2077 Primum
912 2039 1022 2084 enim,
1044 2045 1087 2077 ut
1106 2045 1229 2078 stante
1249 2054 1289 2078 re
1309 2042 1430 2092 publi·
1453 2043 1473 2080 7

140 2110 184 2135 ca
201 2097 324 2136 facere
344 2098 568 2143 solebamus,
584 2099 622 2136 in
641 2099 789 2151 agendo
810 2100 907 2151 plus,
922 2113 1037 2151 quam
1057 2101 1095 2138 in
1114 2101 1325 2146 scribendo,
1342 2115 1431 2154 ope-

140 2169 192 2194 rae
221 2170 465 2208 poneremus:
495 2158 631 2197 deinde
661 2160 751 2211 ipsis
781 2160 926 2211 scriptis
954 2173 1028 2198 non
1047 2173 1102 2206 ea,
1126 2174 1213 2212 quae
1231 2175 1341 2207 nunc,
1364 2163 1427 2200 sed

141 2217 304 2254 actiones
322 2221 468 2255 nostras
487 2219 766 2264 mandaremus,
785 2224 826 2257 ut
846 2233 948 2271 saepe
967 2220 1137 2259 fecimus.
1183 2222 1282 2259 Cum
1302 2227 1430 2259 autem
1452 2227 1473 2261 8

141 2289 199 2314 res
220 2276 381 2327 publica,
400 2277 437 2314 in
455 2291 530 2328 qua
548 2279 667 2316 omnis
686 2292 770 2317 mea
790 2293 890 2323 cura,
912 2280 1105 2331 cogitatio,
1127 2294 1243 2332 opera
1264 2282 1351 2332 poni
1371 2294 1429 2319 so-

141 2336 253 2381 lebat,
274 2336 377 2373 nulla
404 2342 504 2375 esset
531 2339 693 2383 omnino,
714 2339 789 2376 illae
818 2353 849 2377 sc
860 2340 959 2378 ilicet
988 2340 1125 2377 litterae
1155 2341 1427 2385 conticuerunt,

142 2395 307 2433 forenses
337 2401 376 2434 et
403 2398 610 2436 senaton'ae.
667 2399 771 2437 Nihil
800 2412 911 2451 agere
938 2405 1065 2438 autem
1086 2413 1172 2437 cum
1192 2400 1335 2437 animus
1355 2413 1429 2438 non
1451 2406 1473 2440 9

144 2460 282 2508 posset,
303 2456 341 2493 in
358 2456 416 2494 his
435 2457 567 2495 studiis
586 2459 635 2496 ab
654 2459 755 2496 initio
775 2464 945 2496 versatus
966 2460 1101 2503 aetatis,
1123 2460 1341 2504 existimavi,
1362 2461 1428 2498 ho-
