1674 2754
134 169 180 203 14
683 177 731 201 nn
761 176 929 202 ormcns

203 262 313 300 su'um
346 263 529 313 cujusque
559 263 602 300 fit
633 275 774 307 eorum,
803 275 889 312 quae
923 266 1058 299 natura
1085 261 1234 298 fuerant
1261 259 1481 303 communia,

159 329 182 361 5
203 323 306 373 quod
333 323 465 373 cuique
493 322 638 374 obtigit,
658 322 697 360 id
724 322 880 372 quisque
909 326 1044 359 teneat.
1100 321 1133 358 E
1160 333 1236 371 quo
1263 321 1294 358 si
1312 319 1395 370 quis
1415 317 1483 356 sibi

204 387 370 434 appetet,
400 383 553 420 violabit
577 383 639 433 jus
667 383 843 420 humanae
871 381 1071 419 societatis.
1128 380 1205 418 Sed
1233 368 1421 430 quoniam,
1441 383 1484 416 111

204 443 381 494 praeclare
410 443 589 493 scriptum
618 447 676 480 est
703 455 726 479 a
753 442 925 485 Platone,
945 454 1021 478 non
1048 440 1156 478 nobis
1175 440 1298 477 solum
1325 439 1403 476 nati
1422 451 1484 475 su-

205 516 299 549 mus,
320 507 498 553 ortusque
525 502 642 540 nostri
669 506 817 553 partem
845 501 967 552 patria
984 500 1157 544 vindicat,
1179 504 1327 551 partem
1354 498 1485 543 amici;

204 567 327 613 atque,
348 570 391 600 ut
419 563 544 614 placet
572 562 717 606 Stoicis,
749 574 836 612 quae
863 561 900 598 in
927 561 1036 598 terris
1064 560 1277 612 gignantur,
1298 559 1348 596 ad
1375 571 1488 596 usum

204 623 397 660 hominum
425 623 548 660 omnia
568 622 695 666 creari,
715 621 884 659 homines
903 625 1031 659 autem
1058 620 1253 658 hominum
1273 631 1386 656 causa
1406 630 1488 655 esse

204 688 413 734 generatos,
433 688 477 720 ut
495 683 566 734 ipsi
591 683 686 720 inter
706 694 745 719 se
774 681 853 718 aliis
873 681 934 718 alii
961 680 1141 732 prodesse
1160 683 1333 730 possent:
1361 678 1398 715 in
1415 678 1489 715 hoc

205 748 379 780 naturam
406 743 589 781 debemus
616 743 751 780 ducem
773 741 889 791 sequi,
911 753 1128 778 communes
1157 739 1336 776 utilitates
1356 738 1394 775 in
1412 750 1490 775 me·

206 802 310 840 dium
335 803 478 846 afferre,
499 803 705 840 mutatione
738 802 955 844 officiorum,
985 800 1122 852 dando,
1152 799 1380 850 accipiendo,
1411 802 1491 835 tum

205 863 359 906 artibus,
395 867 477 899 tum
509 874 636 912 opera,
666 866 748 898 tum
785 861 1040 904 facultatibus,
1075 859 1259 897 devincire
1300 858 1493 896 hominum

162 926 187 958 0
206 923 302 960 inter
322 922 491 959 homines
511 922 738 959 societatem.
795 920 1099 957 Fundamentum
1120 924 1246 956 autem
1265 923 1323 955 est
1338 917 1493 968 justitiae

206 982 311 1026 fides,
327 982 365 1019 id
386 987 443 1019 est
470 981 657 1018 dictorum
687 984 1032 1029 conventorumque
1061 979 1270 1016 constantia
1289 982 1326 1015 et
1345 977 1493 1015 veritas.

206 1043 265 1080 Ex
293 1054 380 1092 quo,
401 1053 630 1091 quamquam
658 1041 731 1078 hoc
760 1039 950 1077 videbitur
977 1039 1136 1076 fortasse
1165 1038 1325 1088 cuipiam
1353 1036 1493 1080 durius,

207 1107 335 1139 tamen
349 1101 555 1138 audeamus
569 1100 704 1137 imitari
722 1100 880 1143 Stoicos,
898 1099 961 1149 qui
980 1099 1148 1136 studiose
1169 1098 1379 1148 exquirunt,
1395 1096 1495 1134 unde

208 1162 324 1199 verba
347 1161 419 1198 sint
443 1161 580 1204 ducta;
610 1160 896 1209 credamusque,
918 1159 1006 1209 quia
1034 1159 1110 1202 fiat,
1132 1158 1235 1209 quod
1263 1157 1406 1195 dictum
1424 1159 1494 1200 est,

208 1221 439 1272 appellatam
459 1220 582 1257 fidem.

172 1282 192 1320 7
268 1281 346 1318 Sed
383 1280 576 1331 injustitiae
614 1292 753 1331 genera
781 1279 858 1316 duo
887 1282 996 1316 sunt:
1038 1290 1154 1315 unum
1182 1290 1324 1321 eorum,
1353 1275 1416 1327 qui
1444 1275 1496 1312 in-

210 1342 334 1379 ferunt
348 1354 356 1385 ;
385 1341 546 1377 alterum
562 1353 703 1383 eorum,
720 1339 783 1390 qui
803 1340 851 1376 ab
868 1338 921 1382 iis,
938 1338 1074 1388 quibus
1093 1337 1259 1381 infertur,
1277 1337 1307 1374 si
1326 1340 1496 1387 possunt,

167 1407 190 1439 8
211 1415 286 1439 non
323 1400 545 1451 propulsant
577 1400 761 1450 injuriam.
829 1399 929 1436 Nam
967 1398 1030 1448 qui
1066 1398 1204 1448 injuste
1241 1398 1426 1447 impetum
1461 1395 1498 1432 in

213 1461 430 1512 quempiam
458 1460 559 1504 facit,
580 1465 647 1497 aut
675 1459 738 1503 ira,
760 1464 826 1496 aut
853 1459 977 1508 aliqua
1004 1457 1285 1508 perturbatione
1313 1456 1499 1499 incitatus,

211 1522 241 1559 is
261 1521 367 1572 quasi
394 1533 527 1558 manus
555 1520 688 1557 afferre
713 1520 863 1556 videtur
891 1518 1010 1556 socio:
1040 1518 1104 1568 qui
1132 1522 1259 1556 autem
1278 1530 1352 1554 non
1372 1516 1499 1554 defen-

211 1581 278 1625 dit,
299 1594 366 1618 nec
387 1580 543 1624 obsistit,
565 1580 595 1616 si
615 1584 752 1630 potest,
774 1579 934 1629 injuriae,
956 1583 1034 1614 tam
1064 1581 1122 1614 est
1149 1577 1187 1614 in
1215 1577 1316 1621 vitio,
1338 1588 1452 1626 quam
1472 1575 1501 1612 si

213 1646 386 1692 parentes
407 1645 473 1677 aut
493 1640 630 1677 amicos
649 1644 715 1676 aut
735 1639 897 1689 patriam
917 1638 1078 1675 deserat.

170 1707 192 1740 9
266 1702 398 1751 Atque
416 1701 489 1738 illae
509 1700 662 1750 quidem
689 1699 848 1750 injuriae,
868 1710 952 1748 quae
977 1696 1136 1734 nocendi
1166 1709 1280 1734 causa
1308 1695 1356 1733 de
1375 1694 1502 1733 indus-

214 1761 285 1798 tria
314 1761 541 1804 inferuntur,
566 1772 668 1809 saepe
706 1771 728 1794 a
766 1763 873 1795 metu
900 1757 1209 1807 proficiscuntur;
1252 1768 1338 1793 cum
1365 1755 1406 1799 is,
1439 1754 1503 1805 qui

213 1832 347 1858 nocere
378 1819 484 1856 alteri
512 1819 664 1870 cogitat,
693 1818 811 1861 timet,
840 1829 899 1860 ne,
927 1816 997 1853 nisi
1029 1815 1069 1852 id
1101 1815 1244 1859 fecerit,
1265 1815 1346 1865 ipse
1379 1814 1503 1864 aliquo

149 1884 195 1919 10
216 1880 397 1917 afficiatur
415 1878 662 1916 incommodo.
719 1877 923 1915 Maximam
942 1880 1071 1913 autem
1092 1879 1240 1926 partem
1260 1874 1309 1911 ad
1328 1874 1502 1924 injuriam

215 1939 429 1978 faciundam
448 1938 729 1990 aggrediuntur,
750 1942 793 1974 ut
812 1936 1067 1987 adipiscantur
1086 1947 1140 1979 ea,
1161 1947 1247 1984 quae
1281 1934 1502 1984 concupive-

183 2002 195 2017 “
216 2004 324 2037 runt:
354 2000 391 2036 in
409 2012 484 2049 quo
504 1998 592 2036 vitio
617 1997 795 2035 latissime
815 2000 922 2047 patet
941 1995 1108 2033 avaritia.
1165 1994 1278 2032 VIII.
1308 1994 1502 2044 Expetun-

217 2065 280 2097 tur
311 2064 439 2096 autem
467 2058 604 2096 divitiae
634 2071 720 2095 cum
756 2057 805 2094 ad
833 2069 923 2093 usus
950 2055 1038 2093 vitae
1077 2053 1315 2097 necessarios,
1345 2057 1427 2090 tum
1454 2052 1504 2090 ad.

175 2124 197 2157 2
219 2118 465 2170 perfruendas
480 2118 706 2168 voluptates.
763 2117 809 2154 In
828 2116 964 2166 quibus
981 2119 1109 2152 autem
1128 2114 1252 2165 major
1270 2117 1328 2150 est
1346 2112 1503 2156 animus,

219 2180 256 2217 in
282 2179 324 2216 iis
349 2178 519 2229 pecuniae
539 2177 726 2228 cupiditas
755 2180 903 2227 spectat
932 2175 980 2212 ad
1008 2187 1100 2225 opes
1129 2179 1167 2211 et
1195 2173 1245 2210 ad
1272 2171 1506 2224 gratificandi

219 2239 460 2277 facultatem:
491 2243 534 2275 ut
553 2250 674 2288 nuper
701 2236 752 2274 M.
776 2236 935 2273 Crassus
955 2235 1129 2285 negabat,
1150 2233 1265 2270 ullam
1284 2232 1374 2270 satis
1401 2244 1506 2283 mag-

220 2312 307 2336 nam
326 2298 523 2349 pecuniam
544 2310 625 2335 esse
646 2297 689 2340 ei,
710 2296 773 2346 qui
792 2296 829 2332 in
854 2308 894 2332 re
914 2294 1065 2345 publica
1086 2293 1260 2344 princeps
1279 2293 1392 2330 vellet
1412 2304 1505 2335 esse,

177 2364 200 2397 3
221 2359 329 2410 cujus
348 2359 531 2396 fructibus
551 2357 755 2395 exercitum
770 2356 869 2393 alere
883 2368 957 2392 non
977 2358 1114 2404 posset.
1171 2353 1373 2390 Delectant
1392 2351 1506 2389 etiam

221 2419 406 2471 magnifici
434 2422 639 2469 apparatus
659 2416 820 2466 vitaeque
847 2415 971 2453 cultus
994 2426 1080 2451 cum
1108 2412 1294 2464 elegantia
1320 2416 1359 2449 ct
1385 2409 1506 2462 copia.
