1674 2754
598 212 711 237 mma
729 212 770 237 11.
827 211 915 238 cAP.
936 212 1000 237 xv.
1427 199 1476 238 '73

119 312 285 344 manum,
299 312 414 350 quam
434 299 698 349 eloquentiam,
714 311 737 335 a
755 303 890 335 natura
903 297 953 335 ad
973 297 1136 334 salutem
1155 297 1350 335 hominum
1368 301 1407 335 et

120 360 170 398 ad
190 359 512 398 conservationem
531 359 672 403 datam,
690 358 739 396 ad
759 359 944 396 bonorum
963 362 1111 408 pestem
1131 357 1407 408 perniciemque

120 420 365 458 convertere?
395 419 476 457 Nec
489 425 626 464 tamen,
640 424 683 456 ut
695 419 766 456 hoc
779 418 1002 469 fugiendum
1013 422 1081 461 est,
1095 417 1185 454 item
1199 422 1256 455 est
1268 418 1407 454 haben-
1430 422 1477 456 15

119 480 213 518 dum
224 480 404 529 religioni,
415 485 614 518 nocentem
626 479 837 530 aliquando,
851 478 965 516 modo
980 490 1025 515 ne
1037 477 1221 515 nefarium
1233 477 1406 527 impium-

120 553 205 591 que,
222 540 436 578 defendere.
475 540 571 577 Vult
590 540 661 577 hoc
681 538 895 582 multitudo,
918 538 1060 589 patitur
1074 537 1318 581 consuetudo,
1335 537 1409 574 fert

120 601 233 638 etiam
251 600 476 638 humanitas.
515 600 540 639 J
542 600 659 637 udicis
678 601 746 643 est,
764 612 914 649 semper
932 598 969 635 in
989 598 1109 635 causis
1130 610 1260 636 verum
1281 598 1407 648 sequi:
1431 601 1477 634 16

123 661 280 711 patroni,
311 673 581 711 nonnunquam
610 659 688 697 veri
718 659 848 704 simile,
871 659 1015 696 etiamsi
1046 658 1165 696 minus
1192 658 1240 695 sit
1263 670 1407 701 verum,

119 720 322 758 defendere
338 734 346 765 ;
380 720 482 771 quod
515 720 675 758 scribere
710 718 938 771 (praesertim
967 732 1056 757 cum
1084 718 1132 756 de
1165 718 1406 769 philosophia
1428 717 1475 754 17

120 779 338 832 scriberem)
359 793 435 818 non
453 780 643 824 auderem,
664 780 734 817 nisi
753 780 854 817 idem
874 780 1041 830 placeret
1068 778 1290 831 gravissimo
1310 778 1407 816 Stoi-

119 854 249 879 corum
277 841 459 879 Panaetio.
519 840 683 879 Maxime
712 844 840 878 autem
861 845 899 877 et
924 840 1044 891 gloria
1064 839 1209 890 paritur
1228 843 1266 876 et
1285 838 1407 890 gratia
1430 842 1476 875 18

118 901 424 938 defensionibus:
455 913 576 951 eoque
604 901 736 951 major,
758 900 788 938 si
808 900 961 950 quando
989 899 1134 943 accidit,
1156 904 1200 936 ut
1219 899 1252 936 ei
1271 899 1406 936 subve—

118 961 251 1005 niatur,
280 961 345 1011 qui
373 961 534 1012 potentis
563 960 723 1012 alicujus
751 961 886 1011 opibus
915 959 1173 998 circumveniri
1205 959 1406 1010 urgerique

118 1021 310 1065 videatur;
340 1027 382 1058 ut
401 1034 468 1058 nos
488 1025 527 1058 et
546 1034 648 1072 saepe
667 1021 769 1064 alias,
787 1026 825 1058 et
840 1021 1096 1058 adolescentes
1113 1024 1242 1057 contra
1261 1019 1303 1056 L.
1322 1019 1405 1056 Sul·
1430 1023 1473 1056 1ss

117 1081 165 1118 1ae
194 1081 418 1119 dominantis
447 1093 538 1133 opes
567 1094 635 1131 pro
664 1081 702 1119 S.
724 1081 862 1118 Roscio
889 1080 1072 1118 Amerino
1099 1079 1279 1117 fecimus:
1309 1092 1406 1130 quae,

117 1146 160 1179 ut
179 1141 262 1186 scis,
283 1145 390 1178 extat
409 1141 539 1179 oratio.

168 1261 254 1300 XV.
284 1260 362 1299 Sed
385 1260 563 1311 expositis
591 1260 886 1298 adolescentium
915 1259 1055 1304 officiis,
1078 1273 1165 1310 quae
1187 1259 1338 1297 valeant
1357 1260 1406 1297 ad

115 1322 276 1373 gloriam
297 1321 590 1372 adipiscendam,
612 1321 790 1372 deinceps
816 1321 865 1359 de
893 1321 917 1359 b
930 1334 950 1358 e
963 1334 987 1358 n
1000 1334 1021 1358 e
1033 1321 1050 1358 f
1060 1321 1072 1358 i
1084 1334 1104 1358 o
1117 1333 1137 1358 e
1149 1334 1174 1357 n
1187 1320 1261 1358 tia
1289 1333 1333 1357 ac
1359 1320 1406 1357 de

116 1382 412 1421 liberalitate
432 1381 634 1419 dicendum
653 1386 722 1420 est.
774 1382 894 1433 Cujus
914 1386 972 1419 est
989 1381 1084 1419 ratio
1104 1380 1258 1431 duplex.
1305 1380 1405 1417 Nam
1427 1385 1448 1417 2

115 1447 182 1481 aut
201 1455 318 1494 opera
336 1442 498 1492 benigne
518 1442 560 1479 fit
579 1442 846 1493 indigentibus,
867 1447 932 1479 aut
952 1441 1121 1492 pecunia.
1169 1441 1328 1478 Facilior
1347 1446 1405 1478 est

115 1504 198 1541 haec
213 1502 407 1554 posterior,
427 1502 607 1553 locupleti
629 1503 838 1552 praesertim
855 1514 862 1539 :
892 1502 960 1539 sed
980 1502 1043 1538 illa
1062 1501 1199 1538 lautior
1217 1514 1261 1538 ac
1281 1501 1404 1551 splen-

116 1563 239 1600 didior
269 1567 308 1600 et
326 1562 406 1600 viro
436 1562 524 1599 forti
552 1562 728 1612 claroque
757 1562 913 1612 dignior.
972 1562 1210 1611 Quamquam
1243 1561 1340 1598 enim
1368 1561 1405 1598 in
1425 1565 1447 1598 3

116 1628 278 1674 utroque
303 1623 399 1660 inest
424 1622 660 1673 gratificandi
689 1622 851 1660 liberalis
870 1621 1054 1665 voluntas,
1075 1626 1203 1659 tamen
1222 1621 1340 1658 altera
1359 1633 1406 1657 ex

116 1695 216 1728 arca,
248 1683 365 1720 altera
396 1695 442 1719 ex
471 1682 610 1719 virtute
640 1682 894 1733 depromitur:
927 1682 1160 1733 largitioque,
1186 1693 1272 1732 quae
1298 1681 1340 1718 fit
1359 1693 1406 1718 ex

119 1756 159 1781 re
178 1743 358 1787 familiari,
375 1743 518 1780 fontem
538 1742 663 1792 ipsum
683 1742 920 1793 benignitatis
936 1742 1118 1779 exhaurit.
1157 1742 1218 1779 Ita
1237 1740 1403 1792 benigni-

115 1808 194 1841 tate
214 1803 422 1855 benignitas
442 1802 606 1840 tollitur:
635 1815 710 1852 qua
729 1815 805 1853 quo
823 1802 860 1839 in
880 1802 1008 1852 plures
1026 1815 1117 1839 usus
1137 1801 1197 1845 sis,
1219 1813 1264 1838 eo
1282 1801 1404 1838 minus

115 1864 152 1902 in
165 1864 305 1902 multos
318 1863 375 1901 uti
395 1863 528 1915 possis.
566 1862 623 1900 At
637 1863 703 1914 qui
722 1875 848 1914 opera,
865 1862 902 1900 id
923 1867 980 1900 est
994 1862 1132 1900 virtute
1152 1866 1190 1900 et
1208 1861 1402 1906 industria,
1425 1865 1449 1898 4

116 1924 274 1963 benefici
304 1929 343 1962 et
370 1924 543 1962 liberales
570 1928 691 1967 erunt,
714 1924 878 1974 primum
897 1935 973 1974 quo
994 1923 1163 1974 pluribus
1183 1921 1401 1973 profuerint,

115 1997 160 2022 co
174 1985 300 2036 plures
315 1984 364 2022 ad
384 1984 544 2036 benigne
562 1983 777 2021 faciendum
792 1983 985 2035 adjutores
1005 1983 1209 2020 habebunt.
1257 1981 1403 2019 Deinde
1423 1988 1445 2020 5

115 2044 385 2082 consuetudine
401 2044 660 2083 beneficentiae
679 2043 884 2095 paratiores
904 2048 1014 2081 erunt
1028 2048 1067 2081 et
1085 2047 1280 2093 tamquam
1300 2055 1403 2080 exer-

115 2104 302 2143 citatiores
317 2105 366 2142 ad
386 2105 482 2143 bene
501 2105 549 2142 de
568 2104 696 2142 multis
721 2104 1024 2155 promerendum.
1071 2103 1258 2141 Praeclare
1273 2103 1310 2140 in
1325 2102 1401 2153 epi·
1424 2105 1446 2140 6

116 2164 213 2202 stola
227 2164 392 2215 quadam
407 2164 669 2203 Alexandrum
685 2165 801 2202 filium
816 2164 1016 2215 Philippus
1032 2168 1197 2207 accusat,
1213 2162 1315 2213 quod
1331 2162 1402 2199 lar÷

115 2224 255 2276 gitione
273 2224 562 2262 benivolentiam
583 2225 835 2262 Macedonum
853 2229 1101 2262 consectetur.
1149 2224 1241 2271 Quae
1262 2229 1302 2267 te,
1323 2235 1401 2259 ma-

115 2283 226 2322 lum!
252 2284 383 2335 inquit,
402 2286 500 2322 ratio
526 2286 567 2322 in
591 2286 701 2322 istam
728 2298 825 2334 spem
852 2285 1012 2329 induxit,
1033 2290 1076 2322 ut
1103 2297 1159 2321 eos
1188 2284 1252 2320 tibi
1272 2283 1403 2332 fideles

109 2351 263 2395 putares
284 2345 382 2395 fore,
413 2358 502 2394 quos
526 2346 685 2394 pecunia
712 2346 962 2394 corrupisses?
1017 2345 1082 2382 An
1109 2351 1149 2381 tu
1177 2345 1218 2381 id
1245 2343 1335 2390 ciffis,
1357 2347 1401 2378 ut

114 2405 333 2444 Macedones
366 2418 437 2443 non
471 2411 502 2443 te
533 2419 649 2455 reyem
681 2419 805 2451 suum,
835 2407 896 2443 sed
922 2407 1138 2443 ministrum
1166 2410 1199 2441 ec
1224 2403 1398 2453 praebito-

112 2478 189 2505 rem
206 2471 346 2515 sperent
355 2465 498 2534 Ῐονεὲὴ
523 2466 625 2504 Bene
644 2467 859 2504 ministrum
878 2472 910 2504 et
923 2467 1156 2514 praebitorem
1168 2476 1185 2512 ‚⁰
1213 2477 1290 2514 quo
1308 2463 1399 2515 quid
1420 2463 1442 2503 '1

484 2533 492 2555 l
