1674 2754
146 173 194 207 52
694 180 743 204 DE
773 180 942 205 ormons

213 265 531 303 animadversores
542 265 728 309 vitiorum,
745 278 882 316 magna
901 277 1002 315 saepe
1023 264 1275 315 intelligemus
1295 277 1340 302 ex
1355 263 1484 315 parvis

171 329 191 362 2
212 325 270 362 Ex
285 326 476 362 oculorum
492 326 638 368 obtutu,
653 338 699 362 ex
718 326 999 375 superciliorum
1013 329 1079 361 aut
1093 324 1307 361 remissione
1321 331 1387 361 aut
1407 337 1489 362 con-

211 385 403 428 tractione,
433 397 479 422 ex
510 384 697 428 moestitia,
725 397 771 421 ex
798 384 994 427 hilaritate,
1026 397 1072 421 ex
1104 384 1192 428 risu,
1222 397 1268 421 ex
1295 385 1492 428 locutione,

212 457 259 482 ex
287 444 489 488 reticentia,
518 457 562 481 ex
589 444 823 481 contentione
842 444 943 481 vocis
963 448 1001 481 et
1019 444 1274 487 submissione,
1296 457 1342 480 ex
1362 444 1494 481 ceteris

211 505 391 542 similibus
421 504 528 540 facile
555 504 821 553 judicabimUS‚
844 503 934 553 quid
963 516 1092 540 eorum
1121 508 1210 553 apte
1229 504 1304 547 fiat,
1326 503 1416 554 quid
1445 504 1493 541 ab

210 564 329 601 officio
348 568 557 613 naturaque
580 563 780 613 discrepet.

168 627 190 660 3
264 623 348 668 Quo
367 623 404 659 in
422 635 562 674 genere
582 635 656 659 non
671 628 730 659 est
748 622 1039 666 incommodum,
1056 623 1166 672 quale
1181 622 1346 673 quidque
1365 635 1495 659 eorum

210 683 268 727 sit,
290 695 337 720 ex
355 683 434 720 aliis
451 682 632 733 judicare,
646 688 701 726 ut,
719 683 749 719 si
768 682 858 732 quid
873 682 1056 719 dedeceat
1075 683 1111 719 in
1130 683 1211 726 illis,
1233 683 1392 733 igit-emus
1411 682 1493 733 ipsi.

167 746 190 779 4
210 743 272 780 Fit
290 742 388 779 enim
407 742 532 778 nescio
551 742 753 791 quomodo,
774 747 818 778 ut
835 742 954 792 magis
982 742 1019 779 in
1047 743 1126 779 aliis
1153 755 1360 786 cernamus,
1381 754 1494 793 quam

167 808 189 840 5
209 802 246 839 in
265 802 452 838 nobismet
471 801 572 850 ipsis,
587 801 617 837 si
636 801 726 850 quid
747 801 984 851 delinquitur.
1034 802 1169 852 Itaque
1189 802 1363 839 facillime
1383 802 1494 839 corri-

208 866 350 912 guntur
367 861 404 897 in
423 860 613 904 discendo,
635 873 796 910 quorum
815 861 903 897 vitia
929 861 1121 898 imitantur
1140 861 1363 898 emendandi
1383 874 1496 899 causa

209 920 389 971 magistri.
858 930 862 934 ·

167 985 188 1018 6
262 981 342 1018 Nec
363 993 452 1018 vero
482 980 645 1017 alienum
673 985 741 1024 est,
763 980 812 1017 ad
833 993 877 1017 ea
897 980 1084 1032 eligenda,
1106 993 1192 1031 quae
1225 980 1495 1019 dubitationem

208 1041 379 1084 afferunt,
401 1040 579 1077 adhibere
600 1040 732 1077 doctos
752 1040 934 1084 homines,
955 1041 1015 1078 vel
1035 1041 1147 1078 etiam
1173 1054 1246 1078 usu
1273 1041 1424 1091 peritos,
1444 1046 1494 1086 et,

167 1101 188 1138 7
209 1101 299 1150 quid
318 1100 360 1137 iis
380 1100 427 1137 de
448 1112 597 1149 quoque
627 1100 735 1136 officii
763 1112 902 1150 genere
933 1096 1091 1151 placeat,
1113 1100 1317 1150 exquirere.
1373 1101 1496 1151 Maj0r

209 1160 307 1197 enim
327 1172 414 1210 pars
434 1172 478 1196 eo
497 1160 573 1196 fere
594 1159 731 1196 deferri
749 1160 856 1203 solet,
878 1172 953 1210 quo
973 1172 995 1196 a
1013 1164 1147 1196 natura
1174 1161 1256 1210 ipsa
1284 1160 1493 1198 deducitur.

210 1220 255 1256 In
274 1220 409 1270 quibus
429 1219 633 1255 videndum
661 1223 728 1262 est,
750 1232 823 1256 non
851 1219 964 1256 modo
992 1219 1083 1269 quid
1113 1220 1271 1269 quisque
1308 1220 1494 1270 loquatur,

209 1280 276 1317 sed
306 1280 418 1316 etiam
449 1279 539 1329 quid
568 1278 726 1328 quisque
756 1279 904 1322 sentiat,
927 1284 1042 1329 atque
1071 1279 1184 1316 etiam
1214 1292 1289 1329 qua
1317 1279 1364 1317 de
1385 1293 1495 1317 causa

168 1345 189 1378 8
209 1340 367 1390 quisque
387 1339 533 1375 sentiat.
574 1339 629 1375 Ut
644 1338 741 1375 enim
757 1339 931 1388 pictores,
946 1344 984 1375 et
999 1339 1034 1382 ii,
1049 1339 1112 1389 qui
1132 1339 1238 1390 signa
1252 1339 1493 1384 fabricantur,

209 1404 247 1436 et
265 1412 354 1436 vero
374 1399 486 1436 etiam
512 1403 648 1448 poetae,
670 1411 780 1435 suum
800 1398 957 1448 quisque
977 1411 1073 1449 opus
1093 1411 1115 1434 a
1134 1399 1251 1449 vulgo
1271 1399 1496 1437 considerari

210 1460 302 1503 vult,
323 1464 378 1503 ut,
399 1458 429 1495 si
457 1457 547 1508 quid
572 1458 843 1508 reprehensum
877 1458 924 1494 sit
951 1470 974 1494 a
1002 1458 1183 1508 pluribus,
1204 1459 1242 1495 id
1262 1460 1494 1510 corrigatur;

208 1519 321 1569 hique
340 1523 378 1555 et
397 1530 537 1560 secum,
559 1522 597 1554 et
616 1530 701 1555 cum
721 1518 811 1561 aliis,
834 1517 924 1568 quid
944 1518 981 1555 in
1001 1530 1046 1555 eo
1066 1523 1265 1568 peccatum
1286 1519 1345 1562 sit,
1367 1519 1495 1569 exqui-

210 1584 319 1616 runt:
350 1578 401 1615 sic
421 1577 577 1614 aliorum
595 1577 737 1627 judicio
766 1577 956 1627 permulta
975 1578 1082 1615 nobis
1103 1583 1142 1615 et
1161 1578 1343 1622 facienda,
1366 1584 1404 1616 et
1421 1592 1496 1616 non

209 1637 391 1681 facienda,
414 1642 452 1674 et
471 1636 664 1681 mutanda,
685 1642 723 1674 et
742 1637 965 1688 001rigenda
987 1642 1085 1675 sunt.

169 1703 190 1736 9
265 1698 360 1742 Quae
395 1709 483 1734 v·e10
520 1709 624 1733 more
661 1701 824 1747 agentur
859 1693 1113 1763 institutisque
1151 1711 1207 1734 cu
1209 1697 1330 1742 1hbus
1369 1697 1417 1735 de
1453 1698 1496 1736 iis

147 1763 192 1795 10
212 1757 300 1794 nihil
322 1761 380 1794 est
395 1748 702 1807 praecipiendum.
759 1756 830 1793 Illa
850 1756 947 1793 enim
968 1757 1049 1807 ipsa
1068 1762 1264 1807 praecepta
1283 1763 1381 1795 sunt.
1413 1758 1495 1795 Nec

212 1828 440 1867 quemquam
468 1815 540 1852 hoc
561 1827 684 1852 errore
704 1815 792 1852 duci
819 1820 980 1865 oportet,
1001 1820 1055 1860 ut,
1077 1816 1107 1853 si
1126 1816 1215 1866 quid
1235 1816 1410 1868 Socrates
1429 1822 1496 1855 aut

212 1876 432 1933 Aristippus
453 1880 582 1912 contra
601 1887 744 1911 morem
764 1875 1145 1926 consuetudinemque
1166 1876 1310 1913 civilem
1328 1876 1494 1920 fecerint,

147 1941 189 1973 11
212 1936 376 1985 Logmiye
395 1934 480 1978 sint,
499 1934 600 1971 idem
619 1934 688 1971 sibi
707 1934 911 1972 arbitretur
929 1934 1051 1973 licere.
1106 1935 1255 1986 Magnis
1275 1935 1327 1972 illi
1346 1940 1384 1973 et
1404 1936 1494 1973 divi-

211 1996 269 2033 nis
300 1995 406 2032 bonis
436 1995 533 2032 hanc
569 1993 757 2046 licentiam
786 1994 1093 2044 assequebantur.
1150 1995 1378 2045 Cynicorum
1406 2009 1495 2033 vero

146 2060 191 2093 12
212 2055 305 2092 ratio
334 2059 414 2092 tota
441 2058 498 2091 est
527 2053 721 2104 ejicienda.
779 2053 848 2090 Est
868 2054 965 2091 enim
985 2054 1132 2092 inimica
1150 2055 1396 2099 verecundiae,
1417 2055 1494 2093 sine

213 2127 289 2165 qua
316 2114 404 2154 nihil
433 2118 578 2150 rectum
605 2125 687 2149 esse
720 2117 856 2163 potest,
877 2113 967 2150 nihil
995 2114 1204 2152 honestum.
1259 2115 1335 2152 Eos
1355 2121 1494 2160 autem,

213 2187 374 2224 quorum
393 2173 470 2210 vita
499 2177 699 2223 perspecta
725 2172 763 2209 in
791 2173 905 2210 rebus
932 2174 1097 2210 honestis
1125 2179 1238 2224 atque
1258 2176 1404 2226 magnis
1424 2182 1493 2220 est,

213 2235 311 2272 bene
330 2232 378 2270 de
397 2245 436 2270 re
456 2231 607 2282 publiea
625 2232 838 2276 sentientes,
859 2245 903 2269 ac
922 2233 1017 2270 bene
1036 2235 1189 2271 meritos
1209 2239 1274 2271 aut
1293 2241 1492 2280 merentes,

213 2293 276 2337 sic,
296 2297 340 2329 ut
365 2292 489 2342 aliquo
519 2291 660 2328 honore
690 2296 757 2328 aut
790 2291 946 2342 imperio
973 2293 1138 2337 affectos,
1159 2294 1357 2332 observare
1376 2299 1415 2331 et
1433 2307 1493 2332 co-

211 2353 288 2391 lere
307 2352 510 2390 debemus:
539 2351 702 2389 tribuere
721 2351 833 2388 etiam
860 2352 1021 2389 multum
1049 2354 1255 2391 senectuti:
1287 2354 1419 2391 cedere
1438 2354 1491 2398 iis,

212 2412 277 2464 qui
302 2412 565 2463 magistratum
591 2411 808 2449 habebunt:
839 2411 978 2450 habere
1006 2411 1195 2451 delectum
1223 2413 1312 2451 civis
1330 2418 1370 2452 et
1387 2426 1491 2466 pere-
