<?xml version="1.0" encoding="UTF-8"?>
<!DOCTYPE html PUBLIC "-//W3C//DTD XHTML 1.0 Transitional//EN"
    "http://www.w3.org/TR/xhtml1/DTD/xhtml1-transitional.dtd">
<html xmlns="http://www.w3.org/1999/xhtml" xml:lang="en" lang="en">
 <head>
  <title>
</title>
<meta http-equiv="Content-Type" content="text/html;charset=utf-8" />
  <meta name='ocr-system' content='tesseract 3.04.00' />
  <meta name='ocr-capabilities' content='ocr_page ocr_carea ocr_par ocr_line ocrx_word'/>
</head>
<body>
  <div class='ocr_page' id='page_1' title='image "./deofficiislibrit00ciceuoft_0119.png"; bbox 0 0 1674 2754; ppageno 0'>
   <div class='ocr_carea' id='block_1_1' title="bbox 637 198 1539 235">
    <p class='ocr_par' dir='ltr' id='par_1_1' title="bbox 637 198 1539 235">
     <span class='ocr_line' id='line_1_1' title="bbox 637 198 1539 235; baseline 0.002 -4"><span class='ocrx_word' id='word_1_1' title='bbox 637 208 751 232; x_wconf 67' lang='lat' dir='ltr'><strong>Lissa</strong></span> <span class='ocrx_word' id='word_1_2' title='bbox 779 207 836 233; x_wconf 79' lang='lat'><strong>111,</strong></span> <span class='ocrx_word' id='word_1_3' title='bbox 893 207 981 233; x_wconf 73' lang='lat' dir='ltr'><strong>cAP.</strong></span> <span class='ocrx_word' id='word_1_4' title='bbox 1011 209 1090 234; x_wconf 76' lang='lat' dir='ltr'>X1x.</span> <span class='ocrx_word' id='word_1_5' title='bbox 1467 198 1539 235; x_wconf 84' lang='lat'><strong>107</strong></span> 
     </span>
    </p>
   </div>
   <div class='ocr_carea' id='block_1_2' title="bbox 178 292 1544 1962">
    <p class='ocr_par' dir='ltr' id='par_1_2' title="bbox 183 292 1514 525">
     <span class='ocr_line' id='line_1_2' title="bbox 187 292 1471 346; baseline 0.002 -15"><span class='ocrx_word' id='word_1_6' title='bbox 187 292 257 332; x_wconf 87' lang='lat' dir='ltr'><strong>bus</strong></span> <span class='ocrx_word' id='word_1_7' title='bbox 276 293 348 330; x_wconf 92' lang='lat' dir='ltr'><strong>hoc</strong></span> <span class='ocrx_word' id='word_1_8' title='bbox 367 293 451 331; x_wconf 92' lang='lat' dir='ltr'><strong>loco</strong></span> <span class='ocrx_word' id='word_1_9' title='bbox 470 293 730 331; x_wconf 87' lang='lat' dir='ltr'><strong>disserendum</strong></span> <span class='ocrx_word' id='word_1_10' title='bbox 749 297 831 331; x_wconf 85' lang='lat' dir='ltr'><strong>est:</strong></span> <span class='ocrx_word' id='word_1_11' title='bbox 860 293 924 343; x_wconf 90' lang='lat' dir='ltr'><strong>qui</strong></span> <span class='ocrx_word' id='word_1_12' title='bbox 942 305 1018 330; x_wconf 90' lang='lat' dir='ltr'><strong>non</strong></span> <span class='ocrx_word' id='word_1_13' title='bbox 1036 294 1160 332; x_wconf 90' lang='lat' dir='ltr'><strong>verbis</strong></span> <span class='ocrx_word' id='word_1_14' title='bbox 1179 300 1267 333; x_wconf 88' lang='lat' dir='ltr'><strong>sunt</strong></span> <span class='ocrx_word' id='word_1_15' title='bbox 1286 300 1324 333; x_wconf 90' lang='lat' dir='ltr'><strong>et</strong></span> <span class='ocrx_word' id='word_1_16' title='bbox 1343 295 1471 346; x_wconf 88' lang='lat' dir='ltr'><strong>dispu-</strong></span> 
     </span>
     <span class='ocr_line' id='line_1_3' title="bbox 185 352 1471 406; baseline 0.002 -16"><span class='ocrx_word' id='word_1_17' title='bbox 185 352 324 390; x_wconf 87' lang='lat' dir='ltr'><strong>tatione</strong></span> <span class='ocrx_word' id='word_1_18' title='bbox 344 353 668 404; x_wconf 88' lang='lat' dir='ltr'><strong>philosophorum,</strong></span> <span class='ocrx_word' id='word_1_19' title='bbox 689 353 757 391; x_wconf 92' lang='lat' dir='ltr'><strong>sed</strong></span> <span class='ocrx_word' id='word_1_20' title='bbox 775 353 904 391; x_wconf 83' lang='lat' dir='ltr'><strong>vinclis</strong></span> <span class='ocrx_word' id='word_1_21' title='bbox 923 357 963 391; x_wconf 90' lang='lat' dir='ltr'><strong>et</strong></span> <span class='ocrx_word' id='word_1_22' title='bbox 982 365 1130 391; x_wconf 88' lang='lat' dir='ltr'><strong>carcere</strong></span> <span class='ocrx_word' id='word_1_23' title='bbox 1149 354 1343 406; x_wconf 85' lang='lat' dir='ltr'><strong>fatigandi.</strong></span> <span class='ocrx_word' id='word_1_24' title='bbox 1392 355 1471 393; x_wconf 91' lang='lat' dir='ltr'><strong>Sed</strong></span> 
     </span>
     <span class='ocr_line' id='line_1_4' title="bbox 183 412 1514 464; baseline 0.002 -14"><span class='ocrx_word' id='word_1_25' title='bbox 183 412 266 450; x_wconf 90' lang='lat' dir='ltr'><strong>haec</strong></span> <span class='ocrx_word' id='word_1_26' title='bbox 287 413 578 458; x_wconf 84' lang='lat' dir='ltr'><strong>consideremus,</strong></span> <span class='ocrx_word' id='word_1_27' title='bbox 594 426 680 464; x_wconf 88' lang='lat' dir='ltr'><strong>quae</strong></span> <span class='ocrx_word' id='word_1_28' title='bbox 698 413 841 451; x_wconf 89' lang='lat' dir='ltr'><strong>faciunt</strong></span> <span class='ocrx_word' id='word_1_29' title='bbox 854 413 889 457; x_wconf 90' lang='lat' dir='ltr'><strong>ii,</strong></span> <span class='ocrx_word' id='word_1_30' title='bbox 906 413 971 464; x_wconf 90' lang='lat' dir='ltr'><strong>qui</strong></span> <span class='ocrx_word' id='word_1_31' title='bbox 989 413 1178 451; x_wconf 79' lang='lat' dir='ltr'>habentur</span> <span class='ocrx_word' id='word_1_32' title='bbox 1196 415 1295 452; x_wconf 90' lang='lat' dir='ltr'><strong>boni.</strong></span> <span class='ocrx_word' id='word_1_33' title='bbox 1343 415 1386 453; x_wconf 90' lang='lat' dir='ltr'><strong>L.</strong></span> <span class='ocrx_word' id='word_1_34' title='bbox 1401 415 1470 453; x_wconf 91' lang='lat' dir='ltr'><strong>Mi-</strong></span> <span class='ocrx_word' id='word_1_35' title='bbox 1491 419 1514 453; x_wconf 89' lang='grc'><strong>3</strong></span> 
     </span>
     <span class='ocr_line' id='line_1_5' title="bbox 183 472 1471 525; baseline 0.002 -15"><span class='ocrx_word' id='word_1_36' title='bbox 183 472 280 511; x_wconf 93' lang='lat' dir='ltr'><strong>nucii</strong></span> <span class='ocrx_word' id='word_1_37' title='bbox 299 473 423 517; x_wconf 86' lang='lat' dir='ltr'>Basili,</span> <span class='ocrx_word' id='word_1_38' title='bbox 443 473 643 524; x_wconf 90' lang='lat' dir='ltr'><strong>locupletis</strong></span> <span class='ocrx_word' id='word_1_39' title='bbox 663 473 834 518; x_wconf 91' lang='lat' dir='ltr'><strong>hominis,</strong></span> <span class='ocrx_word' id='word_1_40' title='bbox 855 473 994 511; x_wconf 90' lang='lat' dir='ltr'><strong>falsum</strong></span> <span class='ocrx_word' id='word_1_41' title='bbox 1020 477 1290 511; x_wconf 87' lang='lat' dir='ltr'><strong>testamentum</strong></span> <span class='ocrx_word' id='word_1_42' title='bbox 1317 475 1471 525; x_wconf 86' lang='lat' dir='ltr'><strong>quidam</strong></span> 
     </span>
    </p>

    <p class='ocr_par' dir='ltr' id='par_1_3' title="bbox 178 533 1544 1962">
     <span class='ocr_line' id='line_1_6' title="bbox 183 533 1514 584; baseline 0.002 -13"><span class='ocrx_word' id='word_1_43' title='bbox 183 545 204 570; x_wconf 79' lang='lat' dir='ltr'><strong>e</strong></span> <span class='ocrx_word' id='word_1_44' title='bbox 225 534 372 571; x_wconf 85' lang='lat' dir='ltr'><strong>Graecia</strong></span> <span class='ocrx_word' id='word_1_45' title='bbox 390 534 550 571; x_wconf 87' lang='lat' dir='ltr'>Romam</span> <span class='ocrx_word' id='word_1_46' title='bbox 570 533 789 572; x_wconf 84' lang='lat' dir='ltr'><strong>attulerunt.</strong></span> <span class='ocrx_word' id='word_1_47' title='bbox 846 533 959 578; x_wconf 82' lang='lat' dir='ltr'><strong>Quod</strong></span> <span class='ocrx_word' id='word_1_48' title='bbox 978 546 1055 584; x_wconf 91' lang='lat' dir='ltr'><strong>quo</strong></span> <span class='ocrx_word' id='word_1_49' title='bbox 1073 533 1218 571; x_wconf 83' lang='lat' dir='ltr'><strong>facilius</strong></span> <span class='ocrx_word' id='word_1_50' title='bbox 1247 535 1470 579; x_wconf 77' lang='lat' dir='ltr'><strong>obtinerent,</strong></span> <span class='ocrx_word' id='word_1_51' title='bbox 1491 538 1514 573; x_wconf 90' lang='lat'>4</span> 
     </span>
     <span class='ocr_line' id='line_1_7' title="bbox 181 593 1469 645; baseline 0.001 -14"><span class='ocrx_word' id='word_1_52' title='bbox 181 593 412 645; x_wconf 84' lang='lat' dir='ltr'><strong>scripserunt</strong></span> <span class='ocrx_word' id='word_1_53' title='bbox 441 593 601 632; x_wconf 88' lang='lat' dir='ltr'><strong>heredes</strong></span> <span class='ocrx_word' id='word_1_54' title='bbox 631 593 760 631; x_wconf 83' lang='lat' dir='ltr'><strong>secum</strong></span> <span class='ocrx_word' id='word_1_55' title='bbox 790 593 842 632; x_wconf 92' lang='lat' dir='ltr'><strong>M.</strong></span> <span class='ocrx_word' id='word_1_56' title='bbox 867 594 1048 631; x_wconf 83' lang='lat' dir='ltr'>Crassum</span> <span class='ocrx_word' id='word_1_57' title='bbox 1077 598 1116 631; x_wconf 89' lang='lat' dir='ltr'><strong>et</strong></span> <span class='ocrx_word' id='word_1_58' title='bbox 1144 594 1189 639; x_wconf 77' lang='lat' dir='ltr'><strong>Q.</strong></span> <span class='ocrx_word' id='word_1_59' title='bbox 1212 594 1469 639; x_wconf 82' lang='lat' dir='ltr'><strong>Hortensium,</strong></span> 
     </span>
     <span class='ocr_line' id='line_1_8' title="bbox 181 653 1470 705; baseline 0.001 -13"><span class='ocrx_word' id='word_1_60' title='bbox 181 654 351 692; x_wconf 90' lang='lat' dir='ltr'><strong>homines</strong></span> <span class='ocrx_word' id='word_1_61' title='bbox 367 654 539 705; x_wconf 87' lang='lat' dir='ltr'><strong>ejusdem</strong></span> <span class='ocrx_word' id='word_1_62' title='bbox 555 654 675 691; x_wconf 86' lang='lat' dir='ltr'><strong>aetatis</strong></span> <span class='ocrx_word' id='word_1_63' title='bbox 695 653 975 705; x_wconf 89' lang='lat' dir='ltr'><strong>potentissimos</strong></span> <span class='ocrx_word' id='word_1_64' title='bbox 991 666 999 691; x_wconf 89' lang='lat'>:</span> <span class='ocrx_word' id='word_1_65' title='bbox 1029 653 1105 704; x_wconf 87' lang='lat' dir='ltr'><strong>qui,</strong></span> <span class='ocrx_word' id='word_1_66' title='bbox 1122 667 1210 692; x_wconf 92' lang='lat' dir='ltr'><strong>cum</strong></span> <span class='ocrx_word' id='word_1_67' title='bbox 1223 654 1317 692; x_wconf 92' lang='lat' dir='ltr'><strong>illud</strong></span> <span class='ocrx_word' id='word_1_68' title='bbox 1331 654 1470 693; x_wconf 86' lang='lat' dir='ltr'><strong>falsum</strong></span> 
     </span>
     <span class='ocr_line' id='line_1_9' title="bbox 181 713 1470 766; baseline 0 -14"><span class='ocrx_word' id='word_1_69' title='bbox 181 727 264 752; x_wconf 92' lang='lat' dir='ltr'><strong>esse</strong></span> <span class='ocrx_word' id='word_1_70' title='bbox 284 715 574 765; x_wconf 87' lang='lat' dir='ltr'><strong>suspicarentur,</strong></span> <span class='ocrx_word' id='word_1_71' title='bbox 596 713 666 752; x_wconf 84' lang='lat' dir='ltr'><strong>sibi</strong></span> <span class='ocrx_word' id='word_1_72' title='bbox 693 717 821 752; x_wconf 88' lang='lat' dir='ltr'><strong>autem</strong></span> <span class='ocrx_word' id='word_1_73' title='bbox 849 714 989 752; x_wconf 90' lang='lat' dir='ltr'><strong>nullius</strong></span> <span class='ocrx_word' id='word_1_74' title='bbox 1019 717 1145 751; x_wconf 88' lang='lat' dir='ltr'><strong>essent</strong></span> <span class='ocrx_word' id='word_1_75' title='bbox 1174 714 1312 752; x_wconf 88' lang='lat' dir='ltr'><strong>conscii</strong></span> <span class='ocrx_word' id='word_1_76' title='bbox 1331 715 1470 766; x_wconf 87' lang='lat' dir='ltr'><strong>culpae,</strong></span> 
     </span>
     <span class='ocr_line' id='line_1_10' title="bbox 181 774 1516 826; baseline 0.001 -14"><span class='ocrx_word' id='word_1_77' title='bbox 181 775 290 813; x_wconf 87' lang='lat' dir='ltr'><strong>alieni</strong></span> <span class='ocrx_word' id='word_1_78' title='bbox 307 775 479 812; x_wconf 84' lang='lat' dir='ltr'><strong>facinoris</strong></span> <span class='ocrx_word' id='word_1_79' title='bbox 494 774 762 812; x_wconf 90' lang='lat' dir='ltr'><strong>munusculum</strong></span> <span class='ocrx_word' id='word_1_80' title='bbox 781 787 856 812; x_wconf 92' lang='lat' dir='ltr'><strong>non</strong></span> <span class='ocrx_word' id='word_1_81' title='bbox 874 774 1181 826; x_wconf 82' lang='lat' dir='ltr'><strong>repudiaverunt.</strong></span> <span class='ocrx_word' id='word_1_82' title='bbox 1229 774 1330 820; x_wconf 78' lang='lat' dir='ltr'><strong>Quid</strong></span> <span class='ocrx_word' id='word_1_83' title='bbox 1350 776 1471 826; x_wconf 79' lang='lat' dir='ltr'><strong>ergo?</strong></span> <span class='ocrx_word' id='word_1_84' title='bbox 1493 781 1516 814; x_wconf 90' lang='lat'><strong>5</strong></span> 
     </span>
     <span class='ocr_line' id='line_1_11' title="bbox 181 834 1473 885; baseline 0 -13"><span class='ocrx_word' id='word_1_85' title='bbox 181 834 290 872; x_wconf 83' lang='lat' dir='ltr'><strong>satin&#39;</strong></span> <span class='ocrx_word' id='word_1_86' title='bbox 306 840 365 873; x_wconf 91' lang='lat' dir='ltr'><strong>est</strong></span> <span class='ocrx_word' id='word_1_87' title='bbox 382 835 467 879; x_wconf 86' lang='lat' dir='ltr'><strong>hoc,</strong></span> <span class='ocrx_word' id='word_1_88' title='bbox 479 839 523 872; x_wconf 92' lang='lat' dir='ltr'><strong>ut</strong></span> <span class='ocrx_word' id='word_1_89' title='bbox 540 847 616 872; x_wconf 90' lang='lat' dir='ltr'><strong>non</strong></span> <span class='ocrx_word' id='word_1_90' title='bbox 635 834 836 885; x_wconf 86' lang='lat' dir='ltr'><strong>deliquisse</strong></span> <span class='ocrx_word' id='word_1_91' title='bbox 850 834 1078 872; x_wconf 73' lang='lat' dir='ltr'><strong>videantur?</strong></span> <span class='ocrx_word' id='word_1_92' title='bbox 1126 834 1219 872; x_wconf 90' lang='lat' dir='ltr'><strong>Mihi</strong></span> <span class='ocrx_word' id='word_1_93' title='bbox 1231 835 1384 885; x_wconf 89' lang='lat' dir='ltr'><strong>quidem</strong></span> <span class='ocrx_word' id='word_1_94' title='bbox 1398 848 1473 873; x_wconf 91' lang='lat' dir='ltr'><strong>non</strong></span> 
     </span>
     <span class='ocr_line' id='line_1_12' title="bbox 180 894 1473 946; baseline 0 -13"><span class='ocrx_word' id='word_1_95' title='bbox 180 895 353 933; x_wconf 86' lang='lat' dir='ltr'><strong>videtur:</strong></span> <span class='ocrx_word' id='word_1_96' title='bbox 382 907 613 946; x_wconf 88' lang='lat' dir='ltr'><strong>quamquam</strong></span> <span class='ocrx_word' id='word_1_97' title='bbox 639 895 800 932; x_wconf 87' lang='lat' dir='ltr'><strong>alterum</strong></span> <span class='ocrx_word' id='word_1_98' title='bbox 819 894 947 932; x_wconf 82' lang='lat' dir='ltr'><strong>vivum</strong></span> <span class='ocrx_word' id='word_1_99' title='bbox 977 894 1110 938; x_wconf 86' lang='lat' dir='ltr'><strong>amavi,</strong></span> <span class='ocrx_word' id='word_1_100' title='bbox 1133 894 1295 932; x_wconf 86' lang='lat' dir='ltr'><strong>alterum</strong></span> <span class='ocrx_word' id='word_1_101' title='bbox 1315 908 1390 932; x_wconf 90' lang='lat' dir='ltr'><strong>non</strong></span> <span class='ocrx_word' id='word_1_102' title='bbox 1409 895 1473 933; x_wconf 91' lang='lat' dir='ltr'><strong>odi</strong></span> 
     </span>
     <span class='ocr_line' id='line_1_13' title="bbox 180 954 1516 999; baseline 0.001 -6"><span class='ocrx_word' id='word_1_103' title='bbox 180 960 384 993; x_wconf 90' lang='lat' dir='ltr'><strong>mortuum.</strong></span> <span class='ocrx_word' id='word_1_104' title='bbox 440 955 518 992; x_wconf 86' lang='lat' dir='ltr'><strong>Sed</strong></span> <span class='ocrx_word' id='word_1_105' title='bbox 547 968 633 992; x_wconf 91' lang='lat' dir='ltr'><strong>cum</strong></span> <span class='ocrx_word' id='word_1_106' title='bbox 653 955 801 992; x_wconf 84' lang='lat' dir='ltr'><strong>Basilus</strong></span> <span class='ocrx_word' id='word_1_107' title='bbox 821 954 873 992; x_wconf 90' lang='lat' dir='ltr'><strong>M.</strong></span> <span class='ocrx_word' id='word_1_108' title='bbox 895 954 1073 998; x_wconf 79' lang='lat' dir='ltr'><strong>Satrium,</strong></span> <span class='ocrx_word' id='word_1_109' title='bbox 1102 954 1237 992; x_wconf 87' lang='lat' dir='ltr'><strong>sororis</strong></span> <span class='ocrx_word' id='word_1_110' title='bbox 1257 955 1385 999; x_wconf 88' lang='lat' dir='ltr'><strong>filium,</strong></span> <span class='ocrx_word' id='word_1_111' title='bbox 1405 968 1471 993; x_wconf 91' lang='lat' dir='ltr'><strong>no·</strong></span> <span class='ocrx_word' id='word_1_112' title='bbox 1493 959 1516 994; x_wconf 87' lang='lat'>6</span> 
     </span>
     <span class='ocr_line' id='line_1_14' title="bbox 180 1014 1472 1067; baseline 0.001 -14"><span class='ocrx_word' id='word_1_113' title='bbox 180 1028 269 1054; x_wconf 89' lang='lat' dir='ltr'><strong>men</strong></span> <span class='ocrx_word' id='word_1_114' title='bbox 295 1028 407 1053; x_wconf 88' lang='lat' dir='ltr'><strong>suum</strong></span> <span class='ocrx_word' id='word_1_115' title='bbox 434 1015 531 1053; x_wconf 87' lang='lat' dir='ltr'><strong>ferre</strong></span> <span class='ocrx_word' id='word_1_116' title='bbox 560 1014 751 1058; x_wconf 86' lang='lat' dir='ltr'><strong>voluisset,</strong></span> <span class='ocrx_word' id='word_1_117' title='bbox 773 1027 936 1065; x_wconf 88' lang='lat' dir='ltr'><strong>eumque</strong></span> <span class='ocrx_word' id='word_1_118' title='bbox 969 1015 1121 1053; x_wconf 84' lang='lat' dir='ltr'><strong>fecisset</strong></span> <span class='ocrx_word' id='word_1_119' title='bbox 1150 1015 1332 1052; x_wconf 89' lang='lat' dir='ltr'><strong>heredem</strong></span> <span class='ocrx_word' id='word_1_120' title='bbox 1354 1014 1472 1067; x_wconf 90' lang='lat' dir='ltr'><strong>(hunc</strong></span> 
     </span>
     <span class='ocr_line' id='line_1_15' title="bbox 181 1075 1473 1127; baseline 0.001 -14"><span class='ocrx_word' id='word_1_121' title='bbox 181 1075 266 1114; x_wconf 87' lang='lat' dir='ltr'><strong>dico</strong></span> <span class='ocrx_word' id='word_1_122' title='bbox 284 1080 486 1127; x_wconf 88' lang='lat' dir='ltr'><strong>patronum</strong></span> <span class='ocrx_word' id='word_1_123' title='bbox 511 1075 594 1126; x_wconf 85' lang='lat' dir='ltr'><strong>agri</strong></span> <span class='ocrx_word' id='word_1_124' title='bbox 611 1075 740 1112; x_wconf 89' lang='lat' dir='ltr'><strong>Piceni</strong></span> <span class='ocrx_word' id='word_1_125' title='bbox 768 1079 807 1112; x_wconf 91' lang='lat' dir='ltr'><strong>et</strong></span> <span class='ocrx_word' id='word_1_126' title='bbox 835 1075 986 1113; x_wconf 89' lang='lat' dir='ltr'><strong>Sabini:</strong></span> <span class='ocrx_word' id='word_1_127' title='bbox 1017 1088 1039 1113; x_wconf 94' lang='lat' dir='ltr'><strong>o</strong></span> <span class='ocrx_word' id='word_1_128' title='bbox 1059 1079 1211 1125; x_wconf 86' lang='lat' dir='ltr'><strong>turpem</strong></span> <span class='ocrx_word' id='word_1_129' title='bbox 1229 1079 1360 1112; x_wconf 88' lang='lat' dir='ltr'><strong>notam</strong></span> <span class='ocrx_word' id='word_1_130' title='bbox 1378 1080 1473 1114; x_wconf 88' lang='lat' dir='ltr'><strong>tem-</strong></span> 
     </span>
     <span class='ocr_line' id='line_1_16' title="bbox 180 1135 1470 1189; baseline -0.001 -16"><span class='ocrx_word' id='word_1_131' title='bbox 180 1149 316 1189; x_wconf 89' lang='lat' dir='ltr'><strong>porum</strong></span> <span class='ocrx_word' id='word_1_132' title='bbox 330 1135 478 1173; x_wconf 85' lang='lat' dir='ltr'><strong>illorum</strong></span> <span class='ocrx_word' id='word_1_133' title='bbox 492 1135 516 1186; x_wconf 92' lang='lat'><strong>!)</strong></span> <span class='ocrx_word' id='word_1_134' title='bbox 532 1148 624 1173; x_wconf 90' lang='lat' dir='ltr'><strong>num</strong></span> <span class='ocrx_word' id='word_1_135' title='bbox 638 1139 719 1173; x_wconf 86' lang='lat' dir='ltr'><strong>erat</strong></span> <span class='ocrx_word' id='word_1_136' title='bbox 735 1147 897 1185; x_wconf 88' lang='lat' dir='ltr'><strong>aequum,</strong></span> <span class='ocrx_word' id='word_1_137' title='bbox 913 1135 1100 1186; x_wconf 87' lang='lat' dir='ltr'><strong>principes</strong></span> <span class='ocrx_word' id='word_1_138' title='bbox 1115 1135 1206 1173; x_wconf 90' lang='lat' dir='ltr'><strong>civis</strong></span> <span class='ocrx_word' id='word_1_139' title='bbox 1218 1148 1299 1172; x_wconf 88' lang='lat' dir='ltr'><strong>rem</strong></span> <span class='ocrx_word' id='word_1_140' title='bbox 1315 1135 1470 1181; x_wconf 89' lang='lat' dir='ltr'><strong>habere,</strong></span> 
     </span>
     <span class='ocr_line' id='line_1_17' title="bbox 179 1195 1517 1246; baseline 0 -12"><span class='ocrx_word' id='word_1_141' title='bbox 179 1196 229 1234; x_wconf 89' lang='lat' dir='ltr'><strong>ad</strong></span> <span class='ocrx_word' id='word_1_142' title='bbox 252 1196 418 1233; x_wconf 84' lang='lat' dir='ltr'><strong>Satrium</strong></span> <span class='ocrx_word' id='word_1_143' title='bbox 438 1195 528 1233; x_wconf 90' lang='lat' dir='ltr'><strong>nihil</strong></span> <span class='ocrx_word' id='word_1_144' title='bbox 549 1199 691 1245; x_wconf 71' lang='lat' dir='ltr'><strong>praeter</strong></span> <span class='ocrx_word' id='word_1_145' title='bbox 704 1207 843 1232; x_wconf 90' lang='lat' dir='ltr'><strong>nomen</strong></span> <span class='ocrx_word' id='word_1_146' title='bbox 858 1195 1083 1246; x_wconf 79' lang='lat' dir='ltr'><strong>pervenire?</strong></span> <span class='ocrx_word' id='word_1_147' title='bbox 1139 1195 1290 1233; x_wconf 90' lang='lat' dir='ltr'><strong>Etenim</strong></span> <span class='ocrx_word' id='word_1_148' title='bbox 1305 1195 1336 1232; x_wconf 90' lang='lat' dir='ltr'><strong>si</strong></span> <span class='ocrx_word' id='word_1_149' title='bbox 1350 1195 1392 1239; x_wconf 88' lang='lat' dir='ltr'><strong>is,</strong></span> <span class='ocrx_word' id='word_1_150' title='bbox 1410 1195 1475 1246; x_wconf 90' lang='lat' dir='ltr'><strong>qui</strong></span> <span class='ocrx_word' id='word_1_151' title='bbox 1495 1196 1517 1234; x_wconf 77' lang='lat'>7</span> 
     </span>
     <span class='ocr_line' id='line_1_18' title="bbox 178 1255 1473 1307; baseline 0 -13"><span class='ocrx_word' id='word_1_152' title='bbox 178 1268 254 1294; x_wconf 91' lang='lat' dir='ltr'><strong>non</strong></span> <span class='ocrx_word' id='word_1_153' title='bbox 275 1255 442 1294; x_wconf 88' lang='lat' dir='ltr'><strong>defendit</strong></span> <span class='ocrx_word' id='word_1_154' title='bbox 468 1255 654 1306; x_wconf 85' lang='lat' dir='ltr'><strong>injuriam,</strong></span> <span class='ocrx_word' id='word_1_155' title='bbox 674 1267 798 1306; x_wconf 87' lang='lat' dir='ltr'><strong>neque</strong></span> <span class='ocrx_word' id='word_1_156' title='bbox 826 1255 1037 1306; x_wconf 81' lang='lat' dir='ltr'><strong>propulsat,</strong></span> <span class='ocrx_word' id='word_1_157' title='bbox 1060 1269 1148 1293; x_wconf 91' lang='lat' dir='ltr'><strong>cum</strong></span> <span class='ocrx_word' id='word_1_158' title='bbox 1173 1259 1313 1306; x_wconf 90' lang='lat' dir='ltr'><strong>potest,</strong></span> <span class='ocrx_word' id='word_1_159' title='bbox 1334 1255 1473 1307; x_wconf 86' lang='lat' dir='ltr'><strong>injuste</strong></span> 
     </span>
     <span class='ocr_line' id='line_1_19' title="bbox 178 1315 1474 1367; baseline -0.001 -13"><span class='ocrx_word' id='word_1_160' title='bbox 178 1316 278 1361; x_wconf 89' lang='lat' dir='ltr'><strong>facit,</strong></span> <span class='ocrx_word' id='word_1_161' title='bbox 298 1319 343 1354; x_wconf 91' lang='lat' dir='ltr'><strong>ut</strong></span> <span class='ocrx_word' id='word_1_162' title='bbox 361 1315 399 1353; x_wconf 92' lang='lat' dir='ltr'><strong>in</strong></span> <span class='ocrx_word' id='word_1_163' title='bbox 418 1315 540 1366; x_wconf 89' lang='lat' dir='ltr'><strong>primo</strong></span> <span class='ocrx_word' id='word_1_164' title='bbox 566 1315 661 1353; x_wconf 90' lang='lat' dir='ltr'><strong>libro</strong></span> <span class='ocrx_word' id='word_1_165' title='bbox 690 1315 870 1360; x_wconf 82' lang='lat' dir='ltr'><strong>disserui3</strong></span> <span class='ocrx_word' id='word_1_166' title='bbox 900 1315 1020 1366; x_wconf 88' lang='lat' dir='ltr'><strong>qualis</strong></span> <span class='ocrx_word' id='word_1_167' title='bbox 1049 1315 1249 1354; x_wconf 89' lang='lat' dir='ltr'><strong>habendus</strong></span> <span class='ocrx_word' id='word_1_168' title='bbox 1270 1320 1328 1353; x_wconf 90' lang='lat' dir='ltr'><strong>est</strong></span> <span class='ocrx_word' id='word_1_169' title='bbox 1347 1316 1389 1361; x_wconf 91' lang='lat' dir='ltr'><strong>is,</strong></span> <span class='ocrx_word' id='word_1_170' title='bbox 1410 1316 1474 1367; x_wconf 90' lang='lat' dir='ltr'><strong>qui</strong></span> 
     </span>
     <span class='ocr_line' id='line_1_20' title="bbox 178 1375 1518 1427; baseline 0.001 -13"><span class='ocrx_word' id='word_1_171' title='bbox 178 1389 254 1415; x_wconf 91' lang='lat' dir='ltr'><strong>non</strong></span> <span class='ocrx_word' id='word_1_172' title='bbox 284 1376 399 1414; x_wconf 92' lang='lat' dir='ltr'><strong>modo</strong></span> <span class='ocrx_word' id='word_1_173' title='bbox 425 1389 501 1414; x_wconf 91' lang='lat' dir='ltr'><strong>non</strong></span> <span class='ocrx_word' id='word_1_174' title='bbox 529 1375 690 1426; x_wconf 80' lang='lat' dir='ltr'><strong>repellit,</strong></span> <span class='ocrx_word' id='word_1_175' title='bbox 712 1375 781 1413; x_wconf 90' lang='lat' dir='ltr'><strong>sed</strong></span> <span class='ocrx_word' id='word_1_176' title='bbox 800 1375 914 1413; x_wconf 86' lang='lat' dir='ltr'><strong>etiam</strong></span> <span class='ocrx_word' id='word_1_177' title='bbox 932 1376 1092 1427; x_wconf 88' lang='lat' dir='ltr'><strong>adjuvat</strong></span> <span class='ocrx_word' id='word_1_178' title='bbox 1118 1376 1324 1427; x_wconf 74' lang='lat' dir='ltr'><strong>injuriam?</strong></span> <span class='ocrx_word' id='word_1_179' title='bbox 1380 1377 1475 1415; x_wconf 92' lang='lat' dir='ltr'><strong>Mihi</strong></span> <span class='ocrx_word' id='word_1_180' title='bbox 1495 1381 1518 1415; x_wconf 91' lang='lat'>8</span> 
     </span>
     <span class='ocr_line' id='line_1_21' title="bbox 178 1435 1471 1488; baseline 0.001 -14"><span class='ocrx_word' id='word_1_181' title='bbox 178 1436 332 1488; x_wconf 86' lang='lat' dir='ltr'><strong>quidem</strong></span> <span class='ocrx_word' id='word_1_182' title='bbox 365 1436 480 1474; x_wconf 88' lang='lat' dir='ltr'><strong>etiam</strong></span> <span class='ocrx_word' id='word_1_183' title='bbox 511 1449 611 1486; x_wconf 80' lang='lat' dir='ltr'><strong>verae</strong></span> <span class='ocrx_word' id='word_1_184' title='bbox 642 1435 873 1473; x_wconf 82' lang='lat' dir='ltr'><strong>hereditates</strong></span> <span class='ocrx_word' id='word_1_185' title='bbox 905 1449 982 1473; x_wconf 92' lang='lat' dir='ltr'><strong>non</strong></span> <span class='ocrx_word' id='word_1_186' title='bbox 1015 1436 1187 1475; x_wconf 72' lang='lat' dir='ltr'><strong>honestae</strong></span> <span class='ocrx_word' id='word_1_187' title='bbox 1221 1437 1409 1482; x_wconf 86' lang='lat' dir='ltr'><strong>videntur,</strong></span> <span class='ocrx_word' id='word_1_188' title='bbox 1440 1436 1471 1475; x_wconf 89' lang='lat' dir='ltr'><strong>si</strong></span> 
     </span>
     <span class='ocr_line' id='line_1_22' title="bbox 179 1487 1472 1539; baseline 0.001 -5"><span class='ocrx_word' id='word_1_189' title='bbox 179 1501 268 1534; x_wconf 89' lang='lat' dir='ltr'><strong>sunt</strong></span> <span class='ocrx_word' id='word_1_190' title='bbox 296 1496 489 1534; x_wconf 88' lang='lat' dir='ltr'><strong>malitiosis</strong></span> <span class='ocrx_word' id='word_1_191' title='bbox 514 1487 715 1539; x_wconf 58' lang='lat' dir='ltr'><strong>blanditiis</strong></span> <span class='ocrx_word' id='word_1_192' title='bbox 737 1487 944 1533; x_wconf 88' lang='lat' dir='ltr'><strong>officiorum</strong></span> <span class='ocrx_word' id='word_1_193' title='bbox 971 1509 1047 1533; x_wconf 93' lang='lat' dir='ltr'><strong>non</strong></span> <span class='ocrx_word' id='word_1_194' title='bbox 1074 1496 1232 1534; x_wconf 88' lang='lat' dir='ltr'><strong>veritate</strong></span> <span class='ocrx_word' id='word_1_195' title='bbox 1261 1497 1329 1535; x_wconf 92' lang='lat' dir='ltr'><strong>sed</strong></span> <span class='ocrx_word' id='word_1_196' title='bbox 1358 1497 1472 1535; x_wconf 90' lang='lat' dir='ltr'><strong>simu-</strong></span> 
     </span>
     <span class='ocr_line' id='line_1_23' title="bbox 179 1555 1517 1606; baseline 0 -12"><span class='ocrx_word' id='word_1_197' title='bbox 179 1556 328 1600; x_wconf 86' lang='lat' dir='ltr'><strong>latione,</strong></span> <span class='ocrx_word' id='word_1_198' title='bbox 353 1556 537 1606; x_wconf 84' lang='lat' dir='ltr'><strong>quaesitae.</strong></span> <span class='ocrx_word' id='word_1_199' title='bbox 593 1555 716 1606; x_wconf 92' lang='lat' dir='ltr'><strong>Atqui</strong></span> <span class='ocrx_word' id='word_1_200' title='bbox 740 1555 778 1593; x_wconf 89' lang='lat' dir='ltr'><strong>in</strong></span> <span class='ocrx_word' id='word_1_201' title='bbox 797 1555 936 1593; x_wconf 89' lang='lat' dir='ltr'><strong>talibus</strong></span> <span class='ocrx_word' id='word_1_202' title='bbox 964 1555 1078 1593; x_wconf 89' lang='lat' dir='ltr'><strong>rebus</strong></span> <span class='ocrx_word' id='word_1_203' title='bbox 1107 1555 1211 1593; x_wconf 88' lang='lat' dir='ltr'><strong>aliud</strong></span> <span class='ocrx_word' id='word_1_204' title='bbox 1239 1556 1331 1594; x_wconf 89' lang='lat' dir='ltr'><strong>utile</strong></span> <span class='ocrx_word' id='word_1_205' title='bbox 1359 1556 1472 1595; x_wconf 89' lang='lat' dir='ltr'><strong>inter-</strong></span> <span class='ocrx_word' id='word_1_206' title='bbox 1494 1562 1517 1594; x_wconf 89' lang='lat'>9</span> 
     </span>
     <span class='ocr_line' id='line_1_24' title="bbox 180 1615 1473 1661; baseline 0 -7"><span class='ocrx_word' id='word_1_207' title='bbox 180 1617 285 1661; x_wconf 86' lang='lat' dir='ltr'><strong>dum,</strong></span> <span class='ocrx_word' id='word_1_208' title='bbox 305 1615 408 1654; x_wconf 87' lang='lat' dir='ltr'><strong>aliud</strong></span> <span class='ocrx_word' id='word_1_209' title='bbox 426 1616 630 1654; x_wconf 90' lang='lat' dir='ltr'><strong>honestum</strong></span> <span class='ocrx_word' id='word_1_210' title='bbox 650 1615 768 1653; x_wconf 88' lang='lat' dir='ltr'><strong>videri</strong></span> <span class='ocrx_word' id='word_1_211' title='bbox 788 1615 894 1653; x_wconf 88' lang='lat' dir='ltr'><strong>solet.</strong></span> <span class='ocrx_word' id='word_1_212' title='bbox 951 1615 1076 1653; x_wconf 86' lang='lat' dir='ltr'><strong>Falso.</strong></span> <span class='ocrx_word' id='word_1_213' title='bbox 1133 1615 1235 1654; x_wconf 86' lang='lat' dir='ltr'><strong>Nam</strong></span> <span class='ocrx_word' id='word_1_214' title='bbox 1251 1616 1386 1654; x_wconf 90' lang='lat' dir='ltr'><strong>eadem</strong></span> <span class='ocrx_word' id='word_1_215' title='bbox 1401 1616 1473 1655; x_wconf 89' lang='lat' dir='ltr'><strong>uti-</strong></span> 
     </span>
     <span class='ocr_line' id='line_1_25' title="bbox 180 1672 1544 1727; baseline 0 -13"><span class='ocrx_word' id='word_1_216' title='bbox 180 1676 307 1720; x_wconf 82' lang='lat' dir='ltr'><strong>litatis,</strong></span> <span class='ocrx_word' id='word_1_217' title='bbox 329 1689 417 1727; x_wconf 84' lang='lat' dir='ltr'><strong>quae</strong></span> <span class='ocrx_word' id='word_1_218' title='bbox 437 1676 656 1720; x_wconf 87' lang='lat' dir='ltr'><strong>honestatis,</strong></span> <span class='ocrx_word' id='word_1_219' title='bbox 678 1680 737 1713; x_wconf 88' lang='lat' dir='ltr'><strong>est</strong></span> <span class='ocrx_word' id='word_1_220' title='bbox 755 1675 898 1727; x_wconf 86' lang='lat' dir='ltr'><strong>regula.</strong></span> <span class='ocrx_word' id='word_1_221' title='bbox 957 1675 1030 1720; x_wconf 79' lang='lat' dir='ltr'><strong>Qui</strong></span> <span class='ocrx_word' id='word_1_222' title='bbox 1053 1675 1127 1713; x_wconf 92' lang='lat' dir='ltr'><strong>hoc</strong></span> <span class='ocrx_word' id='word_1_223' title='bbox 1154 1689 1230 1714; x_wconf 92' lang='lat' dir='ltr'><strong>non</strong></span> <span class='ocrx_word' id='word_1_224' title='bbox 1257 1672 1473 1727; x_wconf 79' lang='lat' dir='ltr'><strong>perviderit,</strong></span> <span class='ocrx_word' id='word_1_225' title='bbox 1497 1680 1544 1714; x_wconf 90' lang='lat'><strong>10</strong></span> 
     </span>
     <span class='ocr_line' id='line_1_26' title="bbox 181 1735 1542 1788; baseline -0.001 -13"><span class='ocrx_word' id='word_1_226' title='bbox 181 1737 230 1775; x_wconf 86' lang='lat' dir='ltr'><strong>ab</strong></span> <span class='ocrx_word' id='word_1_227' title='bbox 248 1736 321 1774; x_wconf 89' lang='lat' dir='ltr'><strong>hoc</strong></span> <span class='ocrx_word' id='word_1_228' title='bbox 335 1736 439 1774; x_wconf 89' lang='lat' dir='ltr'><strong>nulla</strong></span> <span class='ocrx_word' id='word_1_229' title='bbox 457 1736 561 1774; x_wconf 88' lang='lat' dir='ltr'><strong>fraus</strong></span> <span class='ocrx_word' id='word_1_230' title='bbox 576 1736 706 1780; x_wconf 87' lang='lat' dir='ltr'><strong>aberit,</strong></span> <span class='ocrx_word' id='word_1_231' title='bbox 720 1736 869 1774; x_wconf 90' lang='lat' dir='ltr'><strong>nullum</strong></span> <span class='ocrx_word' id='word_1_232' title='bbox 882 1735 1037 1773; x_wconf 88' lang='lat' dir='ltr'><strong>facinus.</strong></span> <span class='ocrx_word' id='word_1_233' title='bbox 1086 1735 1147 1774; x_wconf 91' lang='lat' dir='ltr'><strong>Sic</strong></span> <span class='ocrx_word' id='word_1_234' title='bbox 1164 1736 1262 1774; x_wconf 90' lang='lat' dir='ltr'><strong>enim</strong></span> <span class='ocrx_word' id='word_1_235' title='bbox 1279 1736 1472 1788; x_wconf 85' lang='lat' dir='ltr'><strong>cogitans:</strong></span> <span class='ocrx_word' id='word_1_236' title='bbox 1496 1739 1542 1774; x_wconf 94' lang='lat'><strong>11</strong></span> 
     </span>
     <span class='ocr_line' id='line_1_27' title="bbox 186 1796 1476 1846; baseline -0.001 -11"><span class='ocrx_word' id='word_1_237' title='bbox 186 1796 257 1835; x_wconf 76' lang='lat' dir='ltr'><strong>Est</strong></span> <span class='ocrx_word' id='word_1_238' title='bbox 283 1797 377 1834; x_wconf 79' lang='lat' dir='ltr'><strong>istac</strong></span> <span class='ocrx_word' id='word_1_239' title='bbox 395 1796 543 1846; x_wconf 77' lang='lat' dir='ltr'><strong>quidem</strong></span> <span class='ocrx_word' id='word_1_240' title='bbox 570 1797 771 1840; x_wconf 72' lang='lat' dir='ltr'><strong>honestum,</strong></span> <span class='ocrx_word' id='word_1_241' title='bbox 792 1809 919 1834; x_wconf 83' lang='lat' dir='ltr'><strong>verum</strong></span> <span class='ocrx_word' id='word_1_242' title='bbox 938 1796 1002 1834; x_wconf 81' lang='grc' dir='ltr'><strong><em>Ῐιοσ</em></strong></span> <span class='ocrx_word' id='word_1_243' title='bbox 1020 1796 1160 1845; x_wconf 66' lang='lat' dir='ltr'><strong>empedit</strong></span> <span class='ocrx_word' id='word_1_244' title='bbox 1172 1808 1189 1843; x_wconf 89' lang='lat'><strong>,·</strong></span> <span class='ocrx_word' id='word_1_245' title='bbox 1219 1809 1279 1834; x_wconf 89' lang='lat' dir='ltr'><strong>res</strong></span> <span class='ocrx_word' id='word_1_246' title='bbox 1299 1809 1322 1833; x_wconf 89' lang='lat' dir='ltr'><strong>a</strong></span> <span class='ocrx_word' id='word_1_247' title='bbox 1339 1800 1476 1834; x_wconf 86' lang='lat' dir='ltr'><strong>natura</strong></span> 
     </span>
     <span class='ocr_line' id='line_1_28' title="bbox 183 1855 1474 1910; baseline -0.002 -14"><span class='ocrx_word' id='word_1_248' title='bbox 183 1857 379 1910; x_wconf 84' lang='lat' dir='ltr'><strong>copulatas</strong></span> <span class='ocrx_word' id='word_1_249' title='bbox 406 1856 563 1895; x_wconf 87' lang='lat' dir='ltr'><strong>audebit</strong></span> <span class='ocrx_word' id='word_1_250' title='bbox 595 1869 720 1895; x_wconf 86' lang='lat' dir='ltr'><strong>crrorc</strong></span> <span class='ocrx_word' id='word_1_251' title='bbox 751 1856 951 1901; x_wconf 86' lang='lat' dir='ltr'><strong>divellere;</strong></span> <span class='ocrx_word' id='word_1_252' title='bbox 994 1856 1058 1908; x_wconf 91' lang='lat' dir='ltr'><strong>qui</strong></span> <span class='ocrx_word' id='word_1_253' title='bbox 1089 1856 1173 1894; x_wconf 88' lang='lat' dir='ltr'><strong>fons</strong></span> <span class='ocrx_word' id='word_1_254' title='bbox 1202 1861 1260 1895; x_wconf 88' lang='lat' dir='ltr'><strong>est</strong></span> <span class='ocrx_word' id='word_1_255' title='bbox 1271 1855 1474 1901; x_wconf 88' lang='lat' dir='ltr'><strong>fraudium,</strong></span> 
     </span>
     <span class='ocr_line' id='line_1_29' title="bbox 181 1916 864 1962; baseline -0.003 -6"><span class='ocrx_word' id='word_1_256' title='bbox 181 1916 462 1962; x_wconf 87' lang='lat' dir='ltr'><strong>maleficiorum,</strong></span> <span class='ocrx_word' id='word_1_257' title='bbox 482 1917 667 1956; x_wconf 85' lang='lat' dir='ltr'><strong>scelerum</strong></span> <span class='ocrx_word' id='word_1_258' title='bbox 686 1917 864 1956; x_wconf 90' lang='lat' dir='ltr'><strong>omnium.</strong></span> 
     </span>
    </p>
   </div>
   <div class='ocr_carea' id='block_1_3' title="bbox 184 2036 1521 2510">
    <p class='ocr_par' dir='ltr' id='par_1_4' title="bbox 184 2036 1521 2510">
     <span class='ocr_line' id='line_1_30' title="bbox 235 2036 1476 2090; baseline 0 -14"><span class='ocrx_word' id='word_1_259' title='bbox 235 2038 340 2077; x_wconf 90' lang='lat' dir='ltr'><strong>XIX.</strong></span> <span class='ocrx_word' id='word_1_260' title='bbox 369 2039 505 2090; x_wconf 87' lang='lat' dir='ltr'><strong>Itaque</strong></span> <span class='ocrx_word' id='word_1_261' title='bbox 531 2038 561 2076; x_wconf 90' lang='lat' dir='ltr'><strong>si</strong></span> <span class='ocrx_word' id='word_1_262' title='bbox 588 2038 645 2076; x_wconf 90' lang='lat' dir='ltr'><strong>vir</strong></span> <span class='ocrx_word' id='word_1_263' title='bbox 669 2038 792 2076; x_wconf 90' lang='lat' dir='ltr'><strong>bonus</strong></span> <span class='ocrx_word' id='word_1_264' title='bbox 819 2037 960 2076; x_wconf 89' lang='lat' dir='ltr'><strong>habeat</strong></span> <span class='ocrx_word' id='word_1_265' title='bbox 988 2038 1085 2076; x_wconf 87' lang='lat' dir='ltr'><strong>hanc</strong></span> <span class='ocrx_word' id='word_1_266' title='bbox 1106 2037 1194 2083; x_wconf 88' lang='lat' dir='ltr'><strong>vim,</strong></span> <span class='ocrx_word' id='word_1_267' title='bbox 1215 2042 1271 2083; x_wconf 91' lang='lat' dir='ltr'><strong>ut,</strong></span> <span class='ocrx_word' id='word_1_268' title='bbox 1298 2037 1329 2076; x_wconf 91' lang='lat' dir='ltr'><strong>si</strong></span> <span class='ocrx_word' id='word_1_269' title='bbox 1348 2036 1476 2090; x_wconf 85' lang='lat' dir='ltr'><strong>digitis</strong></span> 
     </span>
     <span class='ocr_line' id='line_1_31' title="bbox 184 2097 1477 2150; baseline -0.001 -14"><span class='ocrx_word' id='word_1_270' title='bbox 184 2099 456 2150; x_wconf 86' lang='lat' dir='ltr'><strong>concrepuerit,</strong></span> <span class='ocrx_word' id='word_1_271' title='bbox 485 2098 605 2150; x_wconf 88' lang='lat' dir='ltr'><strong>possit</strong></span> <span class='ocrx_word' id='word_1_272' title='bbox 631 2098 670 2136; x_wconf 92' lang='lat' dir='ltr'><strong>in</strong></span> <span class='ocrx_word' id='word_1_273' title='bbox 697 2097 944 2149; x_wconf 86' lang='lat' dir='ltr'><strong>locupletium</strong></span> <span class='ocrx_word' id='word_1_274' title='bbox 972 2101 1202 2136; x_wconf 87' lang='lat' dir='ltr'><strong>testamenta</strong></span> <span class='ocrx_word' id='word_1_275' title='bbox 1229 2110 1367 2136; x_wconf 89' lang='lat' dir='ltr'><strong>nomen</strong></span> <span class='ocrx_word' id='word_1_276' title='bbox 1394 2098 1477 2149; x_wconf 88' lang='lat' dir='ltr'><strong>ejus</strong></span> 
     </span>
     <span class='ocr_line' id='line_1_32' title="bbox 184 2157 1476 2210; baseline 0 -14"><span class='ocrx_word' id='word_1_277' title='bbox 184 2158 359 2210; x_wconf 86' lang='lat' dir='ltr'><strong>irrepere,</strong></span> <span class='ocrx_word' id='word_1_278' title='bbox 379 2159 452 2197; x_wconf 89' lang='lat' dir='ltr'><strong>hac</strong></span> <span class='ocrx_word' id='word_1_279' title='bbox 471 2159 508 2197; x_wconf 91' lang='lat' dir='ltr'><strong>vi</strong></span> <span class='ocrx_word' id='word_1_280' title='bbox 526 2172 601 2197; x_wconf 88' lang='lat' dir='ltr'><strong>non</strong></span> <span class='ocrx_word' id='word_1_281' title='bbox 618 2163 760 2204; x_wconf 88' lang='lat' dir='ltr'><strong>utatur,</strong></span> <span class='ocrx_word' id='word_1_282' title='bbox 776 2171 823 2196; x_wconf 92' lang='lat' dir='ltr'><strong>ne</strong></span> <span class='ocrx_word' id='word_1_283' title='bbox 843 2158 874 2196; x_wconf 90' lang='lat' dir='ltr'><strong>si</strong></span> <span class='ocrx_word' id='word_1_284' title='bbox 892 2157 1134 2210; x_wconf 86' lang='lat' dir='ltr'><strong>exploratum</strong></span> <span class='ocrx_word' id='word_1_285' title='bbox 1152 2158 1307 2210; x_wconf 85' lang='lat' dir='ltr'><strong>quidem</strong></span> <span class='ocrx_word' id='word_1_286' title='bbox 1324 2158 1476 2202; x_wconf 86' lang='lat' dir='ltr'><strong>habeat,</strong></span> 
     </span>
     <span class='ocr_line' id='line_1_33' title="bbox 184 2217 1520 2270; baseline -0.002 -13"><span class='ocrx_word' id='word_1_287' title='bbox 184 2218 224 2257; x_wconf 91' lang='lat' dir='ltr'><strong>id</strong></span> <span class='ocrx_word' id='word_1_288' title='bbox 252 2219 401 2257; x_wconf 90' lang='lat' dir='ltr'><strong>omnino</strong></span> <span class='ocrx_word' id='word_1_289' title='bbox 424 2231 612 2257; x_wconf 89' lang='lat' dir='ltr'><strong>nemmem</strong></span> <span class='ocrx_word' id='word_1_290' title='bbox 637 2232 807 2270; x_wconf 85' lang='lat' dir='ltr'><strong>unquam</strong></span> <span class='ocrx_word' id='word_1_291' title='bbox 826 2218 1118 2270; x_wconf 88' lang='lat' dir='ltr'><strong>suspicaturum.</strong></span> <span class='ocrx_word' id='word_1_292' title='bbox 1174 2218 1231 2256; x_wconf 92' lang='lat' dir='ltr'><strong>At</strong></span> <span class='ocrx_word' id='word_1_293' title='bbox 1251 2218 1360 2256; x_wconf 86' lang='lat' dir='ltr'><strong>dares</strong></span> <span class='ocrx_word' id='word_1_294' title='bbox 1379 2217 1477 2255; x_wconf 89' lang='lat' dir='ltr'><strong>hanc</strong></span> <span class='ocrx_word' id='word_1_295' title='bbox 1498 2223 1520 2255; x_wconf 85' lang='lat'><strong>2</strong></span> 
     </span>
     <span class='ocr_line' id='line_1_34' title="bbox 185 2276 1477 2331; baseline -0.003 -14"><span class='ocrx_word' id='word_1_296' title='bbox 185 2278 262 2317; x_wconf 88' lang='lat' dir='ltr'><strong>vim</strong></span> <span class='ocrx_word' id='word_1_297' title='bbox 289 2278 342 2317; x_wconf 90' lang='lat' dir='ltr'><strong>M.</strong></span> <span class='ocrx_word' id='word_1_298' title='bbox 365 2278 514 2324; x_wconf 87' lang='lat' dir='ltr'><strong>Crasso,</strong></span> <span class='ocrx_word' id='word_1_299' title='bbox 537 2283 577 2317; x_wconf 91' lang='lat' dir='ltr'><strong>ut</strong></span> <span class='ocrx_word' id='word_1_300' title='bbox 596 2279 801 2331; x_wconf 82' lang='lat' dir='ltr'><strong>digitorum</strong></span> <span class='ocrx_word' id='word_1_301' title='bbox 831 2279 1071 2330; x_wconf 90' lang='lat' dir='ltr'><strong>percussione</strong></span> <span class='ocrx_word' id='word_1_302' title='bbox 1099 2278 1209 2315; x_wconf 85' lang='lat' dir='ltr'><strong>heres</strong></span> <span class='ocrx_word' id='word_1_303' title='bbox 1235 2281 1365 2328; x_wconf 89' lang='lat' dir='ltr'><strong>posset</strong></span> <span class='ocrx_word' id='word_1_304' title='bbox 1390 2276 1477 2314; x_wconf 90' lang='lat' dir='ltr'><strong>scri-</strong></span> 
     </span>
     <span class='ocr_line' id='line_1_35' title="bbox 187 2336 1477 2391; baseline -0.004 -14"><span class='ocrx_word' id='word_1_305' title='bbox 187 2343 278 2391; x_wconf 88' lang='lat' dir='ltr'><strong>ptus</strong></span> <span class='ocrx_word' id='word_1_306' title='bbox 305 2351 399 2383; x_wconf 87' lang='lat' dir='ltr'><strong>esse,</strong></span> <span class='ocrx_word' id='word_1_307' title='bbox 420 2338 484 2389; x_wconf 90' lang='lat' dir='ltr'><strong>qui</strong></span> <span class='ocrx_word' id='word_1_308' title='bbox 509 2351 552 2377; x_wconf 85' lang='lat' dir='ltr'><strong>re</strong></span> <span class='ocrx_word' id='word_1_309' title='bbox 569 2352 659 2378; x_wconf 87' lang='lat' dir='ltr'><strong>vera</strong></span> <span class='ocrx_word' id='word_1_310' title='bbox 676 2352 751 2377; x_wconf 92' lang='lat' dir='ltr'><strong>non</strong></span> <span class='ocrx_word' id='word_1_311' title='bbox 777 2344 877 2377; x_wconf 88' lang='lat' dir='ltr'><strong>essct</strong></span> <span class='ocrx_word' id='word_1_312' title='bbox 904 2339 1040 2382; x_wconf 88' lang='lat' dir='ltr'><strong>heres;</strong></span> <span class='ocrx_word' id='word_1_313' title='bbox 1070 2338 1107 2376; x_wconf 92' lang='lat' dir='ltr'><strong>in</strong></span> <span class='ocrx_word' id='word_1_314' title='bbox 1126 2338 1219 2380; x_wconf 90' lang='lat' dir='ltr'><strong>foro,</strong></span> <span class='ocrx_word' id='word_1_315' title='bbox 1241 2336 1353 2374; x_wconf 88' lang='lat' dir='ltr'><strong>crede</strong></span> <span class='ocrx_word' id='word_1_316' title='bbox 1373 2336 1477 2380; x_wconf 91' lang='lat' dir='ltr'><strong>mihi,</strong></span> 
     </span>
     <span class='ocr_line' id='line_1_36' title="bbox 187 2395 1521 2451; baseline -0.004 -13"><span class='ocrx_word' id='word_1_317' title='bbox 187 2399 354 2438; x_wconf 84' lang='lat' dir='ltr'><strong>saltaret.</strong></span> <span class='ocrx_word' id='word_1_318' title='bbox 409 2398 537 2437; x_wconf 91' lang='lat' dir='ltr'><strong>Homo</strong></span> <span class='ocrx_word' id='word_1_319' title='bbox 564 2404 691 2438; x_wconf 86' lang='lat' dir='ltr'><strong>autem</strong></span> <span class='ocrx_word' id='word_1_320' title='bbox 717 2400 856 2451; x_wconf 88' lang='lat' dir='ltr'><strong>justus,</strong></span> <span class='ocrx_word' id='word_1_321' title='bbox 878 2399 984 2450; x_wconf 89' lang='lat' dir='ltr'><strong>isque</strong></span> <span class='ocrx_word' id='word_1_322' title='bbox 1013 2410 1126 2448; x_wconf 88' lang='lat' dir='ltr'><strong>quem</strong></span> <span class='ocrx_word' id='word_1_323' title='bbox 1156 2396 1337 2434; x_wconf 88' lang='lat' dir='ltr'><strong>sentimus</strong></span> <span class='ocrx_word' id='word_1_324' title='bbox 1356 2395 1479 2433; x_wconf 87' lang='lat' dir='ltr'><strong>virum</strong></span> <span class='ocrx_word' id='word_1_325' title='bbox 1499 2399 1521 2433; x_wconf 89' lang='lat'><strong>3</strong></span> 
     </span>
     <span class='ocr_line' id='line_1_37' title="bbox 188 2455 1479 2510; baseline -0.003 -12"><span class='ocrx_word' id='word_1_326' title='bbox 188 2458 450 2503; x_wconf 84' lang='lat' dir='ltr'><strong>bonum‚&#39;nihil</strong></span> <span class='ocrx_word' id='word_1_327' title='bbox 470 2459 657 2510; x_wconf 86' lang='lat' dir='ltr'><strong>cuiquam,</strong></span> <span class='ocrx_word' id='word_1_328' title='bbox 677 2459 780 2510; x_wconf 91' lang='lat' dir='ltr'><strong>quod</strong></span> <span class='ocrx_word' id='word_1_329' title='bbox 799 2459 836 2498; x_wconf 90' lang='lat' dir='ltr'><strong>in</strong></span> <span class='ocrx_word' id='word_1_330' title='bbox 855 2472 896 2497; x_wconf 89' lang='lat' dir='ltr'><strong>se</strong></span> <span class='ocrx_word' id='word_1_331' title='bbox 915 2458 1128 2501; x_wconf 86' lang='lat' dir='ltr'><strong>transferat,</strong></span> <span class='ocrx_word' id='word_1_332' title='bbox 1149 2455 1336 2494; x_wconf 89' lang='lat' dir='ltr'><strong>detrahet.</strong></span> <span class='ocrx_word' id='word_1_333' title='bbox 1393 2455 1479 2495; x_wconf 86' lang='lat' dir='ltr'><strong>Hoc</strong></span> 
     </span>
    </p>
   </div>
  </div>
 </body>
</html>
