1674 2754
619 187 732 210 LlBER
751 187 776 211 1.
833 186 921 211 CAP.
943 188 1027 211 XXV.
1433 184 1482 216 33

127 283 260 322 posse;
288 284 329 309 se
347 272 481 323 fugere
500 272 579 310 sine
599 285 668 310 suo
687 272 874 310 dedecore
892 285 966 310 non
994 286 1117 323 posse.
1174 276 1305 325 Atque
1324 277 1408 314 haec
1431 281 1479 314 10

124 330 278 382 quidem
307 331 603 370 Lacedaemoniis
633 332 748 383 plaga
774 332 993 370 mediocris:
1023 333 1086 370 illa
1114 335 1302 384 pestifera,
1324 349 1409 386 qua,

124 403 212 429 cum
232 392 510 436 Cleombrotus,
526 393 702 430 invidiam
721 393 867 437 timens,
884 397 1026 430 temere
1046 406 1133 431 eum
1151 394 1413 445 Epaminonda

123 452 361 497 conflixisset,
391 452 762 490 Lacedaemoniorum
791 465 883 504 opes
904 458 1135 491 corruerunt.
1193 455 1344 500 Quanto
1365 456 1410 501 Q.
1433 460 1478 495 11

122 511 311 550 Maximus
330 513 494 551 melius?
519 513 567 551 de
586 526 661 564 quo
680 513 843 551 Ennius:

292 580 400 618 Unus
418 581 523 618 homo
540 581 642 618 nobis
659 581 862 618 cunctando
880 582 1043 619 restituit
1060 595 1147 620 rem.

278 640 330 678 N
325 654 372 678 on
382 641 539 689 ponebat
557 642 653 678 enim
672 654 835 679 rumores
853 647 936 679 ante
954 643 1122 680 salutem.

279 700 385 749 Eryo
395 707 551 751 postque
569 703 759 751 maqisque
777 703 849 739 viri
867 716 965 740 nunc
979 704 1102 751 ylorz'a
1120 704 1240 742 claret.

121 768 234 813 Quod
262 781 383 820 genus
412 770 594 820 peccandi
612 770 806 807 vitandum
837 774 894 807 est
925 770 1038 808 etiam
1057 770 1094 808 in
1113 771 1225 809 rebus
1245 772 1408 810 urbanis.
1432 777 1479 811 12

121 828 218 866 Sunt
246 829 355 873 enim,
376 830 451 880 qui,
474 830 576 880 quod
608 830 783 874 sentiunt,
805 831 875 868 etsi
905 831 1091 881 optimum
1122 831 1180 876 sit,
1201 837 1328 869 tamen
1355 832 1410 870 in-

120 888 229 926 vidiae
249 894 355 927 metu
373 903 447 927 non
466 890 608 928 audent
628 891 763 928 dicere.

171 993 295 1031 XXV.
318 993 480 1032 Omnino
495 994 558 1045 qui
573 994 624 1032 rei
644 995 806 1045 publicae
822 995 1024 1045 praefuturi
1038 1000 1126 1033 sunt
1145 995 1221 1033 duo
1240 996 1410 1034 Platonis

119 1058 316 1104 praecepta
335 1059 513 1092 teneant:
544 1068 674 1099 unum,
695 1060 739 1092 ut
758 1055 959 1093 utilitatem
988 1055 1124 1092 civium
1145 1055 1196 1093 sic
1216 1060 1407 1101 tueantur,

119 1118 173 1157 ut,
195 1126 434 1165 quaecunque
454 1120 585 1166 agunt,
607 1115 656 1152 ad
682 1127 766 1152 eam
794 1115 969 1159 referant,
991 1115 1096 1152 obliti
1125 1116 1410 1154 commodorum

118 1186 297 1211 suorum:
327 1175 499 1219 alterum,
521 1179 564 1212 ut
592 1179 716 1212 totum
746 1188 883 1226 corpus
912 1175 965 1212 rei
993 1175 1156 1225 publicae
1185 1180 1328 1221 curent,
1348 1189 1407 1221 ne,

118 1233 211 1272 dum
237 1239 385 1285 partem
413 1235 578 1286 aliquam
605 1239 771 1279 tuentur,
792 1235 954 1286 reliquas
984 1235 1170 1274 deserant.
1227 1236 1282 1273 Ut
1310 1237 1408 1274 enim
1430 1241 1451 1274 2

119 1295 248 1339 tutela,
271 1295 322 1333 sic
350 1296 566 1346 procuratio
593 1296 646 1333 rei
674 1296 837 1347 publicae
870 1295 919 1333 ad
949 1296 1150 1334 utilitatem
1182 1309 1323 1341 eorum,
1346 1297 1409 1348 qui

118 1355 305 1393 commissi
323 1361 422 1400 sunt,
443 1369 519 1394 non
538 1356 587 1394 ad
607 1369 748 1400 eorum,
769 1356 905 1407 quibus
935 1356 1136 1394 commissa
1154 1362 1222 1401 est,
1243 1357 1410 1408 gerenda

118 1419 186 1453 est.
244 1415 317 1461 Qui
347 1421 475 1454 autem
504 1416 604 1467 parti
631 1416 767 1454 civium
797 1417 1008 1461 consulunt,
1030 1421 1178 1468 partem
1197 1418 1406 1469 negligunt,
1429 1423 1451 1456 3

117 1488 196 1513 rem
217 1476 566 1527 perniciosissimam
581 1477 618 1514 in
634 1477 824 1514 civitatem
843 1477 1038 1520 inducunt,
1056 1477 1281 1515 seditionem
1295 1482 1409 1528 atque

118 1535 367 1573 discordiam:
398 1549 446 1574 ex
473 1549 548 1587 quo
577 1537 713 1581 evenit,
747 1541 791 1573 ut
824 1537 884 1574 alii
918 1537 1131 1587 populares,
1163 1537 1223 1574 alii
1251 1538 1408 1575 studiosi

118 1595 250 1646 optimi
275 1596 460 1647 cujusque
478 1596 686 1640 videantur,
708 1597 818 1646 pauci
847 1596 1117 1634 universorum.
1175 1597 1273 1634 Hinc
1304 1597 1407 1648 apud
1427 1603 1450 1635 4

117 1655 370 1694 Athenienses
397 1669 547 1707 magnae
577 1656 795 1693 discordiae:
838 1656 875 1693 in
902 1661 1030 1694 nostra
1068 1670 1108 1693 re
1148 1657 1299 1707 publica
1332 1671 1408 1695 non

117 1716 239 1754 solum
255 1716 467 1760 seditiones,
485 1716 553 1754 sed
573 1717 685 1753 etiam
706 1716 883 1767 pestifera
901 1717 1002 1754 bella
1017 1717 1157 1754 civilia:
1179 1730 1265 1767 quae
1281 1718 1407 1769 gravis

117 1780 156 1813 et
173 1776 279 1813 fortis
299 1776 388 1814 civis
408 1781 446 1814 et
465 1776 502 1813 in
521 1789 560 1814 re
582 1776 733 1827 publica
765 1776 902 1827 dignus
922 1777 1136 1828 principatu
1155 1777 1276 1828 fugiet
1295 1783 1408 1828 atque

117 1835 248 1881 oderit,
279 1836 482 1888 tradetque
511 1849 551 1874 se
579 1841 703 1874 totum
731 1836 784 1874 rei
803 1837 979 1887 publicae,
1001 1850 1123 1887 neque
1143 1851 1234 1888 opes
1254 1843 1320 1875 aut
1340 1851 1406 1889 po-

116 1896 272 1934 tentiam
291 1897 581 1941 consectabitur,
598 1901 795 1947 totamque
811 1909 894 1934 eam
909 1897 961 1934 sic
977 1897 1155 1942 tuebitur,
1174 1903 1216 1935 ut
1231 1899 1407 1937 omnibus

116 1956 298 1995 consulat.
354 1957 436 1995 Nec
454 1970 545 1995 vero
573 1957 787 1995 criminibus
815 1957 920 1995 falsis
939 1957 976 1994 iu
996 1957 1124 1995 odium
1144 1963 1210 1995 aut
1229 1958 1406 1996 invidiam
1427 1965 1449 1997 5

116 2029 344 2068 quemquam
363 2017 533 2055 vocabit:
564 2017 791 2068 omninoque
810 2018 862 2055 ita
877 2017 1034 2068 justitiae
1056 2018 1320 2069 honestatique
1339 2019 1405 2056 ad-

116 2077 313 2122 haerescet‚
332 2082 388 2122 ut,
409 2078 501 2116 dum
530 2091 575 2116 ea
603 2082 811 2122 conservet,
832 2078 1003 2129 qua‘mvis
1031 2079 1198 2130 graviter
1225 2079 1405 2124 offendat,

118 2142 352 2189 mortemque
371 2143 529 2190 oppetat
549 2138 687 2190 potiuS,
708 2151 823 2189 quam
843 2138 996 2176 deserat
1014 2139 1087 2183 illa,
1110 2152 1197 2189 quae
1219 2139 1306 2177 dixi.

169 2198 377 2236 Miserrima
395 2198 545 2236 omnino
564 2203 622 2236 est
647 2199 801 2237 ambitio
830 2199 1093 2250 honorumque
1113 2200 1303 2237 contentio
1320 2213 1327 2237 ε
1358 2200 1406 2237 de
1427 2203 1449 2238 6

116 2271 188 2310 qua
219 2258 402 2310 praeclare
431 2259 535 2310 apud
568 2259 731 2297 eundem
760 2264 818 2297 est
845 2259 1056 2304 Platonem,
1087 2259 1254 2297 similiter
1282 2260 1406 2297 facere

117 2331 192 2363 eos,
223 2318 286 2369 qui
319 2318 415 2357 inter
447 2331 487 2356 se
520 2319 802 2364 contenderent,
832 2324 917 2357 uter
946 2319 1070 2370 potius
1099 2332 1179 2357 rem
1213 2319 1404 2370 publicam

115 2378 404 2424 administraret,
424 2383 469 2417 ut
486 2379 518 2417 si
535 2383 664 2417 nautae
694 2383 892 2427 certarent,
914 2379 997 2430 quis
1017 2392 1147 2418 eorum
1168 2378 1404 2430 potissimum

114 2438 358 2490 gubernaret.
