1674 2754
165 203 234 235 104
725 213 775 237 m:
795 213 964 237 Orneus

226 296 349 340 uicies,
371 298 471 347 quod
492 298 582 334 alios
603 298 732 341 bonos,
751 298 842 334 alios
861 298 1048 348 sapientes
1071 298 1292 335 existimant.
1350 299 1406 334 Ex
1426 310 1500 347 quc

226 356 379 400 Ennius,
401 358 641 406 nequicquam
668 371 788 406 sapere
814 359 1020 405 sapientem,
1043 359 1108 406 qui
1140 359 1214 406 ipse
1241 359 1309 394 sibi
1333 358 1501 406 prodesse

225 429 298 452 non
328 418 456 464 quiret.
514 417 613 454 Vere
644 417 682 454 id
711 417 873 467 quidem,
904 417 944 460 si,
975 417 1064 467 quid
1095 422 1193 454 esset
1216 418 1393 465 prodesse,
1414 417 1503 454 mihi

160 479 206 512 10
227 489 312 512 cum
331 476 450 513 Ennio
470 477 692 514 conveniret.
749 477 980 513 Hecatonem
1001 477 1152 526 quidem
1172 477 1374 521 Rhodium,
1395 477 1502 514 disci-

227 535 358 585 pulum
388 536 555 579 Panaetii,
577 536 684 572 video
715 536 751 572 in
781 536 824 572 iis
852 536 965 579 libris,
994 549 1088 586 quos
1119 536 1167 573 de
1197 536 1323 573 officiis
1357 536 1503 586 scripsit

225 595 270 639 Q.
299 595 494 638 Tuberoni,
527 595 661 639 dicere,
699 595 886 644 Sapientis
904 588 994 638 esse,
1024 597 1120 632 m'lcz'l
1149 601 1274 632 contra
1302 609 1426 640 mores,
1456 597 1503 632 Ze·

157 657 201 690 11
221 667 292 702 qes,
313 655 484 691 instituta
500 656 705 703 facientem,
727 656 851 692 habere
869 657 1047 692 rationem
1076 657 1127 692 ret
1145 656 1368 704 familiaris.
1424 656 1502 692 Ne-

224 727 291 762 que
318 715 412 750 em‘m
439 715 560 751 solum
590 715 691 751 nobis
717 715 844 752 diuites
873 728 941 752 esse
969 717 1149 758 volumus,
1172 715 1231 752 secl
1263 715 1391 758 liberis,
1414 727 1504 762 pro·

217 774 381 822 pinquis,
410 774 548 817 amicis,
578 775 802 823 maximeque
831 776 882 811 rei
908 776 1077 823 publica&
1137 775 1383 822 Stnqulorum
1410 775 1504 811 enim

156 836 202 869 12
222 834 428 881 facultates
458 839 491 869 et
523 835 633 881 copiae
661 834 801 870 divitiae
831 841 918 871 sunt
950 836 1118 872 civitatis.
1190 835 1288 872 Huic
1322 834 1504 871 Scaevoloe

222 892 377 937 factum,
399 894 446 931 de
466 906 540 944 quo
574 893 687 943 paulo
715 898 801 930 ante
830 894 915 937 dixi,
937 895 1085 944 placere
1104 895 1207 931 nullo
1232 894 1346 931 modo
1366 898 1504 944 potest.

223 952 372 989 Etenim
404 954 552 990 omnino
583 958 730 989 tantum
769 965 807 989 se
840 959 956 1004 negat
988 954 1177 990 facturum
1209 954 1421 1003 compendii
1448 953 1504 990 sui

223 1024 347 1056 causa,
369 1014 471 1063 quod
491 1026 564 1050 non
583 1013 703 1050 liceat.
761 1012 860 1050 Huic
879 1026 947 1050 nec
967 1013 1049 1050 laus
1065 1026 1202 1064 magna
1217 1013 1417 1050 tribuenda
1436 1025 1504 1050 nec

156 1075 201 1108 13
222 1071 344 1122 gratia
359 1078 426 1110 est.
471 1072 548 1110 Sed
561 1073 637 1109 sive
650 1073 837 1109 simulatio
852 1079 890 1109 et
903 1073 1149 1110 dissimulatio
1164 1073 1273 1110 dolus
1288 1073 1408 1109 malus
1424 1077 1503 1116 est;

222 1144 421 1181 perpaucae
441 1145 500 1168 res
519 1138 617 1175 sunt,
639 1132 676 1168 in
695 1133 830 1182 quibus
850 1146 923 1169 non
953 1133 1061 1170 dolus
1080 1133 1150 1169 iste
1170 1133 1290 1169 malus
1311 1137 1501 1169 versetur:

223 1191 299 1227 sive
333 1191 388 1227 vir
426 1192 546 1228 bonus
580 1196 637 1228 est
673 1191 715 1234 is,
749 1191 813 1241 qui
850 1192 1016 1242 prodest,
1048 1192 1184 1241 quibus
1222 1196 1358 1241 potest,
1393 1196 1504 1228 nocet

222 1250 381 1294 nemini;
425 1255 525 1287 certe
562 1250 676 1287 istum
709 1251 829 1287 virum
864 1251 1002 1288 bonum
1038 1264 1112 1287 non
1144 1251 1252 1288 facile
1284 1251 1500 1301 reperimus.

156 1312 203 1346 14
222 1309 428 1360 Nunquam
452 1310 566 1360 igitur
591 1315 649 1347 est
677 1310 768 1346 utile
798 1322 967 1360 peccare,
994 1310 1081 1360 quia
1108 1323 1257 1360 semper
1284 1315 1341 1347 est
1368 1315 1501 1361 turpe:

223 1373 261 1406 et
279 1369 366 1419 quia
385 1382 535 1420 semper
554 1373 611 1406 est
638 1370 839 1406 honestum
858 1370 978 1407 virum
1007 1371 1147 1407 bonum
1167 1382 1259 1414 esse,
1280 1382 1428 1420 semper
1446 1374 1504 1407 est

222 1428 325 1466 utile.

273 1548 381 1585 XVI.
402 1548 461 1585 Ac
478 1548 525 1585 de
541 1548 626 1598 jure
639 1547 791 1598 quidem
807 1547 1035 1598 praediorum
1050 1552 1222 1585 sanctum
1242 1548 1345 1599 apud
1363 1561 1431 1585 nos
1447 1553 1504 1586 est

218 1607 303 1658 jure
336 1607 442 1651 civili,
470 1614 513 1644 ut
545 1608 581 1644 in
613 1608 671 1644 his
699 1607 905 1645 vendendis
932 1608 1021 1645 vitia
1054 1608 1278 1651 dicerentur,
1301 1620 1388 1658 quae
1414 1613 1504 1645 nota

179 1671 200 1704 2
221 1671 346 1704 essent
365 1667 558 1704 venditori.
615 1668 726 1711 Nam,
748 1681 834 1704 cum
854 1680 900 1704 ex
920 1667 1119 1705 duodecim
1138 1668 1276 1705 tabulis
1295 1668 1384 1705 satis
1404 1673 1504 1706 esset

221 1739 266 1764 ea
295 1727 475 1777 praestari,
497 1739 583 1777 quae
610 1733 735 1764 essent
764 1727 892 1777 lingua
921 1733 1149 1778 nuncupata,
1171 1740 1255 1778 quae
1279 1728 1342 1777 qui
1371 1728 1501 1765 infitia-

223 1791 285 1824 tus
304 1791 414 1830 esset,
435 1787 541 1836 dupli
561 1800 714 1837 poenam
734 1787 896 1824 subiret:
926 1799 948 1823 a
971 1787 1066 1837 juris
1087 1787 1264 1824 consultis
1284 1787 1397 1824 etiam
1416 1788 1501 1824 reti—

179 1850 201 1883 3
223 1845 354 1883 centiae
374 1858 488 1895 poena
507 1851 564 1883 est
585 1846 796 1883 constituta.
854 1846 1043 1896 Quicquid
1069 1846 1167 1882 enim
1187 1851 1286 1883 esset
1305 1847 1341 1883 in
1360 1847 1502 1897 praedio

221 1906 309 1950 vitii,
328 1905 367 1942 id
386 1910 609 1950 statuerunt,
631 1906 662 1943 si
680 1906 851 1944 venditor
879 1906 1000 1950 sciret,
1027 1907 1096 1943 nisi
1123 1907 1340 1944 nominatim
1359 1907 1501 1945 dictum

179 1969 202 2002 4
222 1970 332 2010 esset,
349 1966 518 2017 praestari
537 1970 720 2016 oportere.
778 1966 843 2009 Ut,
861 1979 947 2003 cum
962 1966 999 2002 in
1017 1978 1102 2003 arce
1117 1967 1317 2016 augurium
1337 1979 1501 2018 augures

221 2025 340 2062 acturi
370 2030 506 2068 essent,
532 2025 805 2076 jussissentque
835 2026 887 2063 Ti.
911 2026 1111 2063 Claudium
1131 2026 1408 2071 Centumalum,
1438 2029 1500 2078 qui

223 2085 321 2121 aedes
341 2084 378 2121 in
398 2085 520 2122 Coelio
537 2090 663 2122 monte
691 2086 868 2129 habebat,
889 2085 1058 2123 demoliri
1077 2099 1131 2130 ea,
1152 2099 1311 2136 quorum
1340 2087 1501 2125 altitudo

221 2144 386 2181 officeret
416 2144 601 2194 auspiciis,
638 2144 819 2182 Claudius
851 2145 1071 2196 proscripsit
1106 2146 1276 2190 insulam,
1310 2147 1477 2184 vendidit
1489 2160 1498 2191 ;

179 2210 200 2243 5
221 2204 309 2241 emit
328 2204 372 2241 P.
387 2204 612 2254 Calpurnius
625 2204 816 2242 Lanarius.
873 2205 972 2242 Huic
993 2206 1040 2242 ab
1060 2206 1267 2256 auguribus
1287 2206 1380 2244 illud
1399 2207 1499 2244 idem

221 2264 480 2301 denuntiatum
508 2268 575 2301 est.
632 2264 767 2314 Itaque
788 2264 1013 2315 Calpurnius
1042 2278 1128 2302 cum
1157 2265 1357 2303 demolitus
1386 2272 1496 2310 esset,

221 2329 505 2374 cognossetque,
541 2323 742 2360 Claudium
778 2323 878 2360 aedes
915 2329 1047 2374 postea
1084 2325 1356 2375 proscripsisse,
1386 2339 1496 2376 quam

220 2387 320 2420 esset
346 2383 394 2421 ab
423 2383 628 2434 auguribus
655 2382 824 2421 demoliri
853 2384 993 2434 jussus,
1015 2385 1197 2422 arbitrum
1225 2385 1330 2422 illum
1357 2385 1498 2436 adegit,

220 2455 459 2486 QUICQUID
486 2455 588 2481 SIBI
614 2454 764 2488 DARE,
793 2455 984 2482 FACERE
1013 2456 1282 2482 OPORTERET
1308 2457 1364 2482 Ex
1391 2457 1499 2483 FIDE
