1674 2754
610 188 723 212 LIBER.
742 189 800 213 111.
857 188 945 214 CAP.
966 189 1009 213 11.
1433 177 1481 217 8'0·

135 283 219 310 eam
246 272 484 310 solitudinem
512 272 690 325 languere
718 273 850 324 patior,
871 286 985 324 quam
1003 274 1094 311 mihi
1113 274 1239 312 adfert
1257 275 1415 313 necessi·

134 335 205 375 tas,
225 344 300 370 non
317 332 505 370 voluntas.
563 333 802 384 Quamquam
821 333 1024 370 Africanus
1052 334 1234 384 majorem
1263 334 1415 373 laudem
1438 339 1486 374 10

134 403 219 429 meo
245 391 387 443 judicio
420 393 702 443 assequebatur.
759 393 876 431 Nulla
904 393 1002 431 enim
1030 393 1112 444 ejus
1131 393 1268 444 ingenii
1285 407 1415 432 monu-
1438 398 1483 432 11

132 456 261 489 menta
288 452 467 490 mandata
494 453 639 498 litteris,
660 452 805 491 nullum
825 466 921 503 opus
941 453 1015 497 otii,
1035 453 1181 490 nullum
1210 453 1417 491 solitudinis

133 522 271 549 munus
301 516 416 550 extat.
473 513 532 550 Ex
559 525 635 563 quo
662 512 818 564 intelligi
851 513 975 557 debet,
999 513 1106 550 illum
1137 513 1271 550 mentis
1300 513 1415 564 agita-

133 571 232 609 tione
259 571 621 623 investigationeque
640 585 769 610 earum
797 585 934 618 rerum,
956 585 1048 624 quas
1068 573 1268 624 cogitando
1289 585 1416 610 conse-

132 631 330 682 quebatur,
361 645 483 683 neque
510 632 672 670 otiosum
699 645 769 670 nec
803 632 924 670 solum
956 645 1122 683 unquam
1153 633 1279 670 fuisse.
1336 633 1417 670 Nos

132 696 270 736 autem,
287 692 350 742 qui
367 705 442 730 non
461 697 610 730 tantum
628 693 770 731 roboris
789 692 984 736 habemus,
1001 697 1044 730 ut
1059 693 1283 744 cogitatione
1303 693 1417 732 tacita

132 764 155 788 a
173 752 372 790 solitudine
399 753 674 797 abstrahamur,
703 753 752 790 ad
782 752 881 790 hanc
909 753 1096 791 scribendi
1125 765 1278 804 operam
1308 765 1417 790 omne

131 811 301 849 studium
317 825 520 863 curamque
536 813 797 851 convertimus.
837 813 972 864 Itaque
994 813 1102 863 plura
1121 813 1226 850 brevi
1244 818 1416 864 tempore
1438 817 1485 850 12

130 883 270 916 eversa,
291 885 405 923 quam
424 873 552 910 multis
571 873 675 910 annis
695 877 818 910 stante
837 885 877 910 re
897 873 1059 924 publica,
1081 873 1308 924 scripsimus.

183 993 236 1030 ΙΙ.
267 992 345 1030 Sed
365 1006 452 1030 cum
471 997 552 1030 tota
580 992 827 1044 philosophia,
849 993 900 1031 mi
921 993 1065 1038 Cicero,
1085 993 1264 1045 frugifera
1283 998 1321 1031 et
1338 993 1415 1031 sru-

131 1057 273 1097 ctuosa,
294 1065 363 1090 nec
383 1053 461 1090 ulla
480 1066 568 1104 pars
589 1053 671 1104 ejus
699 1053 840 1091 inculta
859 1066 903 1091 ac
923 1053 1072 1091 deserta
1091 1053 1161 1091 sit:
1190 1057 1272 1090 tum
1290 1053 1417 1091 nullus

129 1112 287 1150 feracior
304 1113 342 1149 in
361 1125 405 1150 ea
424 1113 529 1151 locus
550 1118 607 1150 est
634 1125 703 1150 nec
723 1113 882 1157 uberior,
904 1126 1017 1163 quam
1048 1113 1096 1150 de
1127 1113 1265 1157 officiis,
1286 1126 1309 1150 a
1336 1113 1416 1164 qui-

129 1171 200 1209 bus
216 1177 432 1210 constanter
445 1173 677 1223 honesteque
689 1172 838 1210 vivendi
850 1177 1043 1223 praecepta
1058 1172 1259 1210 ducuntur.
1290 1173 1415 1218 Quare
1436 1178 1458 1211 2

129 1244 359 1283 quamquam
377 1245 400 1269 a
420 1232 604 1283 Cratippo
631 1237 772 1276 nostro,
793 1232 961 1283 principe
988 1232 1103 1283 hujus
1123 1232 1313 1270 memoriae
1333 1233 1415 1283 phi-

127 1292 383 1343 losophorum,
403 1293 484 1330 haec
505 1297 542 1330 te
561 1292 713 1330 assidue
742 1292 871 1329 audire
903 1296 1016 1343 atque
1045 1292 1215 1343 accipere
1244 1292 1414 1330 confido:

128 1356 256 1390 tamen
275 1352 486 1391 conducere
505 1352 675 1397 arbitror,
691 1352 830 1390 talibus
850 1365 961 1390 aures
979 1356 1066 1390 tuas
1081 1353 1237 1390 vocibus
1252 1353 1416 1403 undique

128 1412 401 1451 circumsonare
417 1425 426 1457 3
454 1425 524 1451 nec
543 1426 618 1457 eas,
640 1412 671 1450 si
689 1412 767 1450 fieri
786 1413 916 1463 possit,
931 1412 1132 1463 quicquam
1152 1412 1254 1450 aliud
1273 1413 1412 1451 audire.

128 1472 241 1518 Quod
269 1486 358 1511 cum
389 1472 562 1510 omnibus
590 1477 649 1510 est
677 1472 902 1517 faciendum,
924 1473 988 1523 qui
1007 1473 1123 1510 vitam
1142 1473 1341 1510 honestam
1359 1472 1412 1510 in·
1433 1478 1455 1512 3

127 1532 236 1584 gredi
254 1533 432 1584 cogitant,
454 1537 537 1570 tum
563 1532 667 1570 haud
696 1532 772 1570 scio
802 1545 851 1568 an
881 1532 1017 1569 nemini
1045 1532 1182 1583 potiuS,
1204 1544 1317 1582 quam
1335 1532 1414 1571 tibi.

128 1592 300 1630 Sustines
328 1592 426 1630 enim
453 1605 529 1630 non
565 1605 723 1643 parvam
754 1591 1054 1642 expectationem
1089 1591 1279 1629 imitandae
1305 1591 1413 1629 indu-
1434 1595 1457 1630 4

127 1652 229 1690 striae
255 1656 404 1696 nostrae,
425 1664 604 1703 magnam
635 1652 831 1696 honorum,
860 1652 1079 1689 nonnullam
1105 1652 1265 1689 fortasse
1297 1652 1413 1689 nomi-

126 1712 194 1750 nis.
251 1712 458 1764 Suscepisti
477 1725 572 1749 onus
600 1717 784 1762 praeterea
811 1724 928 1763 grave
948 1716 985 1749 et
1004 1712 1244 1749 Athenarum
1263 1716 1301 1749 ct
1321 1712 1412 1749 Ora-
1433 1717 1455 1751 5

127 1772 248 1824 tippi:
278 1773 327 1810 ad
347 1785 441 1824 quos
462 1785 548 1810 cum
568 1777 762 1823 tamquam
791 1772 840 1809 ad
868 1777 1123 1810 mercaturam
1150 1772 1335 1810 bonarum
1355 1784 1412 1809 ar-

127 1832 221 1870 tium
251 1832 300 1871 sis
329 1833 534 1884 profectuS‚
555 1832 704 1870 inanem
733 1832 855 1870 redire
883 1832 1143 1883 turpissimum
1163 1836 1231 1876 est,
1253 1831 1413 1870 dedeco-

126 1897 273 1931 rantem
299 1897 338 1931 et
365 1892 468 1930 urbis
497 1892 760 1930 auctoritatem
780 1896 818 1930 et
837 1892 1018 1944 magistri.
1076 1893 1201 1937 Quare
1229 1896 1413 1942 quantum
1434 1896 1455 1930 6

127 1953 264 1991 conniti
282 1952 405 1990 animo
425 1957 546 2004 potes,
567 1957 752 2003 quantum
779 1952 908 1990 labore
928 1952 1156 1990 contendere
1178 1950 1226 2004 (si
1246 1952 1414 1990 discendi

127 2013 233 2051 labor
251 2017 309 2051 est
328 2013 464 2064 potius,
481 2025 595 2064 quam
614 2011 807 2064 voluptas)
824 2017 972 2050 tantum
991 2013 1050 2050 fac
1070 2017 1113 2050 ut
1133 2012 1290 2050 efficias:
1320 2025 1414 2050 neve

128 2073 352 2118 committas,
373 2077 428 2117 ut,
449 2085 536 2111 cum
555 2073 679 2111 omnia
707 2072 953 2123 suppeditata
972 2072 1046 2110 sint
1064 2085 1087 2109 a
1105 2072 1223 2117 nobis,
1245 2077 1328 2111 tute
1347 2072 1414 2111 tibi

128 2132 291 2171 defuisse
309 2133 470 2171 videare.
527 2133 604 2171 Sed
624 2133 705 2171 haec
726 2133 922 2171 hactenus.
981 2132 1104 2170 Multa
1124 2133 1223 2171 enim
1243 2133 1345 2184 saepe
1364 2132 1413 2170 ad
1435 2133 1455 2171 ’ἴ

127 2197 166 2230 te
186 2193 405 2231 cohortandi
431 2193 554 2245 gratia
572 2187 799 2244 scripsimus.
856 2192 967 2231 Nunc
987 2193 1036 2230 ad
1056 2193 1240 2244 reliquam
1259 2198 1406 2244 partem

128 2252 331 2304 propositae
350 2253 536 2291 divisionis
556 2258 801 2291 revertamur.

180 2313 450 2350 Panaetius
482 2313 607 2365 igitur,
629 2314 693 2364 qui
726 2313 804 2351 sine
838 2313 1091 2351 controversia
1119 2313 1167 2350 de
1196 2312 1323 2349 officiis
1352 2324 1412 2349 ac·
1435 2316 1456 2349 8

128 2372 359 2411 curatissime
378 2372 594 2424 disputavit,
611 2386 799 2424 quemque
818 2386 897 2417 nos,
915 2373 1144 2411 correctione
1163 2371 1328 2422 quadam
1347 2371 1412 2408 ad-

130 2432 258 2477 hibita,
279 2432 512 2484 potissimum
531 2433 650 2471 secuti
669 2446 811 2478 sumus,
832 2433 954 2471 tribus
980 2432 1180 2483 generibus
1200 2431 1413 2482 propositis,
