1674 2754
151 183 170 218 1
178 184 200 219 8
699 190 749 215 DE
778 190 947 216 OFFICIIS

218 277 369 322 tionem,
389 277 551 315 alterum
577 289 646 328 per
673 289 770 321 vlm;
798 290 963 327 cumque
988 276 1082 315 illud
1100 277 1294 328 proprium
1313 277 1362 315 sit
1378 277 1496 317 homi-

217 338 285 382 nis,
314 338 387 375 hoc
415 338 634 375 beluarum:
674 337 966 388 confugiendum
995 341 1054 374 est
1080 337 1129 374 ad
1157 337 1354 387 posterius,
1385 338 1415 375 si
1441 337 1497 376 uti

174 404 196 436 3
217 411 292 436 non
318 398 406 436 licet
433 398 635 448 superiore.
692 398 817 442 Quare
846 397 1083 448 suscipienda
1101 397 1256 448 quidem
1284 397 1383 435 bella
1409 402 1497 435 sunt

218 459 267 496 ob
282 471 365 496 eam
386 470 548 502 causam,
567 462 612 494 ut
631 457 708 495 sine
726 457 860 508 injuria
878 457 916 494 in
934 470 1029 508 pace
1047 457 1213 495 vivatur:
1243 462 1352 507 parta
1370 462 1497 495 autem

216 518 380 562 victoria,
402 517 647 556 conservandi
673 517 707 561 ii,
737 517 802 568 qui
830 529 904 554 non
932 517 1104 554 crudeles
1130 517 1168 554 in
1194 517 1304 562 bello,
1329 530 1403 555 non
1429 518 1497 555 im-

172 582 197 616 4
216 588 345 616 man‘es
382 578 546 615 fuerunt.
601 577 657 614 Ut
691 577 853 628 majores
898 577 1016 614 nostri
1059 577 1304 621 Tusculanos,
1335 578 1495 628 AEquos‚

216 638 388 682 Volscos,
418 637 587 682 Sabinos,
616 637 800 675 Hernicos
827 637 865 674 in
892 637 1080 675 civitatem
1107 637 1222 675 etiam
1247 642 1498 688 acceperunt:

173 705 196 737 5
216 703 256 736 at
276 698 544 749 Carthaginem
563 702 602 735 et
620 697 864 734 Numantiam
877 697 1049 735 funditus
1069 697 1313 735 sustulerunt.
1347 697 1498 735 Nollem

217 758 460 796 Corinthum:
490 757 559 795 sed
586 757 698 795 credo
726 756 869 807 aliquid
897 762 1058 800 secutos,
1079 757 1401 808 opportunitatem
1427 757 1500 795 loci

215 818 390 862 maxime,
418 830 465 855 ne
502 822 632 868 posset
659 817 860 867 aliquando
888 817 938 854 ad
975 817 1117 855 bellum
1148 817 1364 855 faciendum
1391 817 1500 855 locus

173 882 195 916 6
215 878 295 928 ipse
314 877 517 914 adhortari.
572 877 660 914 Mea
678 876 830 926 quidem
849 877 1044 921 sententia,
1062 877 1157 927 paci,
1179 890 1265 927 quae
1286 876 1377 914 nihil
1395 876 1500 914 habi-

215 943 301 975 tura
333 937 381 974 sit
412 936 640 980 insidiarum,
672 949 823 986 semper
857 941 916 973 est
948 936 1230 974 consulendum.
1286 937 1333 974 In
1364 949 1439 987 quo
1471 936 1503 974 si

215 997 306 1035 mihi
334 1001 434 1034 esset
460 997 776 1046 obtemperatum,
797 996 829 1033 si
856 1009 931 1033 non
950 997 1144 1047 optimam,
1165 1001 1205 1033 at
1231 997 1396 1046 aliquam
1421 1008 1500 1034 rem

174 1059 195 1097 7
217 1057 418 1110 publicam,
435 1069 520 1107 quae
541 1069 640 1093 nunc
659 1056 764 1093 nulla
783 1060 852 1100 est,
873 1057 1111 1094 haberemus.
1166 1056 1217 1093 Et
1237 1069 1323 1094 cum
1337 1056 1391 1100 iis,
1407 1069 1504 1106 quos

215 1118 253 1155 vi
271 1116 463 1160 deviceris,
485 1116 759 1154 consulendum
787 1120 867 1160 est;
895 1121 979 1153 tum
996 1117 1032 1160 ii,
1053 1116 1128 1166 qui,
1149 1116 1262 1154 armis
1291 1116 1432 1167 positis,
1453 1116 1499 1153 ad

216 1178 487 1228 imperatorum
519 1176 634 1213 fidem
667 1175 896 1226 confugient,
917 1176 1087 1225 quamvis
1114 1189 1266 1214 murum
1297 1176 1391 1213 aries
1419 1188 1502 1226 per-

174 1243 196 1276 8
218 1237 386 1281 cusserit‚
405 1235 619 1286 recipiendi.
676 1236 722 1272 In
741 1248 817 1286 quo
836 1240 1035 1285 tantopere
1055 1235 1158 1286 apud
1186 1240 1333 1273 nostros
1358 1236 1504 1287 justitia

218 1298 320 1336 culta
347 1301 415 1341 est,
437 1301 480 1333 ut
508 1296 543 1340 ii,
564 1295 630 1346 qui
649 1295 818 1333 civitates
849 1299 916 1332 aut
945 1295 1114 1332 nationes
1143 1295 1311 1333 devictas
1339 1296 1439 1333 bello
1465 1296 1504 1334 in

218 1357 332 1395 fidem
351 1356 593 1407 recepissent,
613 1368 743 1392 earum
764 1355 911 1406 patroni
930 1359 1056 1392 essent
1073 1368 1179 1392 more
1197 1355 1395 1406 majorum.

175 1423 197 1456 9
269 1418 330 1455 Ac
358 1417 448 1454 belli
480 1416 637 1466 quidem
665 1415 820 1466 aequitas
853 1415 1085 1452 sanctissime
1124 1415 1243 1452 fetiali
1270 1415 1402 1466 populi
1428 1416 1504 1453 Ro-

217 1478 318 1515 mani
341 1477 426 1528 jure
454 1476 662 1527 perscripta
690 1480 758 1513 est.
815 1475 873 1512 Ex
900 1488 976 1525 quo
1003 1475 1162 1526 intelligi
1190 1479 1328 1525 potest,
1357 1476 1504 1514 nullum

218 1538 359 1576 bellum
387 1549 469 1574 esse
494 1536 652 1587 justum,
681 1535 750 1572 nisi
778 1535 881 1585 quod
909 1539 975 1572 aut
1002 1535 1115 1572 rebus
1142 1535 1310 1585 repetitis
1338 1539 1505 1586 geratur,

153 1602 199 1636 10
219 1602 285 1635 aut
312 1596 579 1634 denunciatum
605 1600 693 1632 ante
721 1595 769 1632 sit
797 1599 835 1632 et
861 1595 1056 1632 indictum.
1111 1595 1281 1645 Popilius
1303 1595 1507 1645 imperator

218 1658 374 1695 tenebat
401 1656 642 1707 provinciam,
663 1655 700 1692 in
720 1654 829 1705 cujus
855 1655 1024 1692 exercitu
1052 1654 1206 1692 Catonis
1234 1654 1330 1692 filius
1350 1655 1420 1692 tiro
1438 1655 1506 1692 mi-

219 1718 363 1755 litabat.
411 1717 508 1754 Cum
526 1720 655 1753 autem
673 1715 821 1766 Popilio
842 1715 1033 1752 videretur
1050 1727 1166 1751 unam
1186 1714 1506 1766 dimitterelegio-

220 1790 318 1821 nem,
341 1776 495 1813 Catonis
514 1787 665 1826 quoque
684 1775 813 1818 filium,
834 1774 898 1824 qui
924 1774 962 1811 in
981 1773 1115 1811 eadem
1141 1774 1290 1824 legione
1309 1774 1506 1819 militabat,

155 1842 199 1876 11
221 1836 372 1875 dimisit.
428 1835 506 1873 Sed
526 1848 613 1872 cum
632 1847 759 1871 amore
787 1833 984 1885 pugnandi
1002 1833 1042 1870 in
1059 1833 1227 1870 exercitu
1252 1833 1506 1879 remansisset,

223 1898 319 1936 Cato
338 1896 388 1934 ad
415 1895 606 1946 Popilium
634 1894 793 1945 scripsit,
814 1898 869 1938 ut,
889 1894 920 1931 si
938 1906 1025 1930 eum
1053 1896 1247 1943 pateretur
1273 1892 1310 1930 in
1338 1893 1505 1931 exercitu

221 1968 425 1999 remanere,
455 1954 621 1992 secundo
650 1953 737 1992 eum
765 1954 907 2005 obliget
933 1953 1074 1991 militiae
1109 1957 1364 1990 sacramento:
1405 1953 1504 2004 quia,

181 2025 184 2028 ’
223 2017 346 2067 priore
365 2015 513 2058 amisso,
531 2015 616 2065 jure
636 2028 722 2051 cum
736 2014 908 2051 hostibus
925 2025 1094 2064 pugnare
1112 2025 1187 2050 non
1206 2017 1365 2062 poterat.
1396 2013 1508 2051 Adeo

158 2082 202 2116 12
224 2088 372 2114 summa
399 2080 480 2112 erat
511 2074 722 2112 observatio
754 2074 792 2111 in
823 2073 923 2111 bello
956 2071 1153 2110 movendo.
1210 2071 1328 2109 Marci
1356 2072 1509 2122 quidem

225 2135 377 2174 Catonis
393 2134 489 2172 senis
509 2139 567 2171 est
581 2134 741 2184 epistola
759 2133 809 2170 ad
828 2133 1001 2170 Marcum
1021 2132 1150 2176 filium,
1164 2131 1201 2169 in
1219 2144 1295 2182 qua
1315 2132 1452 2176 scribit,
1469 2145 1508 2170 se

225 2196 386 2240 audisse,
407 2208 494 2232 eum
519 2194 675 2231 missum
693 2194 837 2231 factum
866 2205 948 2230 esse
967 2205 990 2229 a
1015 2192 1167 2229 consule
1190 2190 1294 2243 [cum
1321 2192 1358 2229 in
1383 2192 1508 2229 Maee-

226 2256 336 2294 donia
362 2255 462 2294 bello
490 2254 642 2292 Persico
669 2253 776 2291 miles
804 2251 933 2304 esset]
989 2252 1120 2290 Monet
1145 2251 1272 2303 igitur,
1292 2256 1337 2289 ut
1364 2256 1507 2296 caveat,

226 2328 274 2353 ne
293 2315 472 2367 proelium
497 2314 608 2352 ineat.
664 2313 795 2365 Negat
812 2312 911 2352 enim
925 2312 989 2364 jus
1016 2323 1111 2357 esse,
1131 2311 1197 2363 qui
1222 2311 1330 2350 miles
1356 2323 1432 2350 non
1449 2311 1509 2357 sit,

227 2388 315 2415 cum
333 2375 445 2414 hoste
464 2385 647 2427 pugnare.
