1674 2754
172 206 246 241 100
717 215 766 238 DE
787 215 954 240 ondens

170 305 216 339 12
237 300 548 339 cedaemoniorum
561 313 653 351 opes
667 313 818 338 necesse
839 304 947 337 esset.
1005 299 1118 344 Quod
1133 299 1320 336 Aristides
1339 311 1427 336 cum
1445 310 1503 335 au-

236 361 362 404 disset,
396 361 433 397 in
471 361 686 398 concionem
721 372 860 411 magna
897 359 1157 409 expectatione
1184 359 1296 403 venit,
1331 358 1510 409 dixitque,

236 420 394 471 perutile
416 433 496 457 esse
526 420 728 462 consilium,
757 419 858 469 quod
878 418 1147 455 Themistocles
1175 419 1336 462 afferret,
1357 418 1425 456 sed
1443 418 1509 456 mi-

235 480 333 517 nime
353 480 563 519 honestum.
621 481 756 529 Itaque
784 479 1047 521 Athenienses,
1077 478 1180 528 quod
1207 479 1409 515 honestum
1437 491 1511 516 non

235 545 344 583 esset,
357 539 395 576 id
408 552 454 577 ne
466 540 557 576 utile
570 539 721 589 quidem
732 543 977 588 putaverunt:
1000 543 1193 588 totamque
1205 550 1288 575 eam
1297 551 1387 581 rem,
1399 551 1512 588 quam

169 602 214 636 13
236 611 283 636 ne
303 599 498 636 audierant
513 599 675 649 quidem,
690 603 842 635 auctore
855 597 1021 634 Aristide
1036 597 1339 647 repudiaverunt.
1379 597 1512 634 Melius

234 658 284 702 hi,
298 671 411 708 quam
425 671 504 702 nos,
518 659 581 709 qui
595 659 737 709 piratas
749 658 945 701 immunes,
963 657 1082 694 socios
1101 657 1305 708 vectigales
1317 657 1512 694 habemus.

287 777 376 814 XII.
407 777 557 814 Maneat
572 790 675 828 ergo,
696 777 798 826 quod
817 782 928 827 turpe
949 777 1007 820 sit,
1028 776 1067 813 id
1086 789 1277 826 nunquam
1297 789 1378 814 esse
1397 776 1513 820 utile;

235 848 282 872 ne
301 840 385 872 tum
413 836 576 885 quidem,
598 849 684 873 cum
712 836 762 879 id,
783 836 884 885 quod
913 848 995 873 esse
1025 836 1116 873 utile
1150 840 1273 886 putes,
1295 836 1512 886 adipiscare.

235 895 319 932 Hoc
339 895 437 932 enim
451 895 574 946 ipsum
590 896 680 932 utile
696 901 841 946 putare,
859 896 961 946 quod
974 900 1086 946 turpe
1099 896 1158 939 sit,
1174 896 1432 933 calamitosum
1444 900 1512 933 est.

192 959 213 991 2
235 954 311 992 Sed
330 954 507 998 incidunt,
530 960 572 991 ut
592 968 706 1005 supra
726 954 812 998 dixi,
833 967 935 1005 saepe
955 968 1090 999 causae,
1111 969 1198 992 cum
1212 967 1423 1006 repugnare
1442 955 1512 992 uti-

234 1014 318 1051 litas
337 1014 525 1051 honestati
544 1015 727 1058 videatur,
748 1020 791 1052 ut
810 1015 1183 1052 animadvertendum
1201 1015 1259 1058 sit,
1279 1020 1514 1065 repugnetne

192 1078 213 1110 3
234 1073 356 1124 plane,
378 1087 425 1110 an
445 1074 565 1124 possit
585 1088 670 1112 cum
698 1075 895 1111 honestate
927 1075 1114 1125 conjungi.
1170 1075 1264 1125 Ejus
1291 1075 1436 1125 generis
1454 1075 1514 1111 hae

234 1138 322 1170 sunt
349 1134 600 1183 quaestiones:
631 1134 682 1177 Si,
710 1134 872 1184 exempli
899 1135 1030 1185 gratia,
1052 1135 1108 1171 vir
1126 1135 1247 1172 bonus
1274 1134 1514 1171 Alexandrea

234 1192 413 1229 Rhodum
438 1206 618 1244 magnum
645 1194 823 1230 frumenti
850 1207 1047 1231 numerum
1075 1194 1271 1231 advexerit
1290 1194 1327 1231 in
1346 1194 1513 1231 Rhodio-

234 1265 318 1288 rum
347 1252 471 1302 inopia
502 1258 540 1289 et
570 1253 667 1289 fame
698 1266 918 1303 summaque
951 1266 1107 1290 annonae
1140 1254 1318 1297 caritate;
1352 1254 1382 1290 si
1413 1253 1513 1291 idem

235 1311 338 1355 sciat,
361 1312 574 1362 complures
604 1317 829 1349 mercatores
860 1312 1101 1349 Alexandrea
1129 1313 1293 1356 solxdsse,
1323 1326 1513 1363 navesque

233 1371 271 1408 in
291 1384 414 1414 cursu,
436 1372 624 1408 frumento
643 1376 807 1415 onustas,
822 1376 994 1422 petentes
1013 1372 1192 1409 Rhodum
1211 1372 1364 1410 viderit:
1394 1373 1512 1410 dictu—

235 1443 346 1467 rusne
367 1431 414 1467 sit
433 1430 471 1467 id
492 1431 663 1474 Rhodiis,
685 1444 733 1467 an
761 1431 905 1468 silentio
938 1445 1049 1468 suum
1069 1444 1181 1481 quam
1208 1432 1367 1481 plurimo
1387 1432 1512 1470 vendi-

191 1493 214 1527 4
234 1491 370 1527 turus?
427 1491 648 1541 Sapientem
668 1496 706 1528 et
725 1492 866 1528 bonum
887 1491 1007 1528 virum
1026 1491 1224 1541 fingimus:
1255 1491 1303 1529 de
1321 1492 1403 1542 ejus
1423 1492 1512 1529 deli-

234 1550 425 1588 beratione
445 1556 484 1587 et
513 1550 783 1587 consultatione
803 1551 1016 1600 quaerimus,
1038 1550 1102 1601 qui
1130 1550 1318 1588 celaturus
1346 1551 1514 1589 Rhodios

234 1623 310 1647 non
329 1610 387 1654 sit,
410 1610 440 1647 si
459 1610 497 1647 id
526 1615 638 1661 turpe
663 1610 819 1661 judicet,
849 1611 915 1647 sed
945 1610 1103 1655 dubitet,
1133 1623 1181 1647 an
1209 1615 1320 1661 turpe
1351 1624 1426 1648 non
1455 1611 1512 1649 sit.

192 1675 214 1707 5
235 1670 281 1706 In
311 1670 529 1720 hujusmodi
556 1670 678 1707 causis
708 1670 810 1707 aliud
839 1670 999 1721 Diogeni
1027 1670 1237 1721 Babylonio
1263 1670 1378 1708 videri
1407 1671 1512 1716 solet,

234 1742 373 1780 magno
393 1735 430 1767 et
449 1730 555 1780 gravi
574 1730 722 1767 Stoico:
752 1730 856 1767 aliud
882 1730 1096 1780 Antipatro,
1118 1730 1300 1781 discipulo
1328 1730 1420 1781 ejuS,
1447 1731 1513 1768 ho-

236 1789 325 1825 mini
343 1789 571 1826 acutissimo.
627 1789 844 1839 Antipatro,
865 1790 988 1826 omnia
1006 1790 1276 1840 patefacienda,
1296 1795 1340 1827 ut
1358 1803 1404 1827 ne
1424 1790 1514 1841 quid

236 1848 396 1892 omnino,
418 1848 521 1898 quod
541 1848 712 1885 venditor
731 1849 838 1892 norit,
860 1854 1008 1899 emptor
1034 1849 1204 1900 ignoret;
1234 1849 1404 1900 Diogeni,
1425 1863 1512 1887 ven-

235 1907 405 1951 ditorem,
435 1912 621 1958 quatenus
655 1908 740 1958 jure
778 1908 873 1945 civili
911 1908 1155 1946 constitutum
1183 1908 1241 1952 sit,
1272 1909 1396 1946 dicere
1425 1909 1514 1946 vitia.

236 1972 419 2018 oportere,
441 1972 566 2005 cetera
586 1967 662 2005 sine
682 1967 820 2005 insidiis
839 1980 951 2019 agere
968 1981 976 2011 ;
1005 1972 1043 2005 et
1058 1968 1233 2018 quoniam
1251 1968 1401 2013 vendat,
1417 1969 1512 2006 velle

193 2030 216 2062 6
236 2039 349 2076 quam
377 2027 518 2077 optime
537 2027 709 2065 vendere.
765 2028 926 2071 Advexi,
947 2027 1113 2078 exposui,
1133 2027 1256 2065 vendo
1284 2041 1411 2065 meum
1439 2042 1511 2066 non

237 2086 364 2137 pluris
386 2099 499 2136 quam
529 2086 653 2130 ceteri,
683 2087 840 2124 fortasse
870 2087 983 2124 etiam
1009 2086 1170 2130 minoris,
1201 2101 1287 2124 cum
1317 2088 1438 2138 major
1455 2093 1514 2126 est

237 2205 336 2250 Quid
357 2205 439 2242 ais‘?
494 2205 562 2248 Tu,
584 2218 669 2242 cum
689 2205 902 2243 hominibus
930 2206 1122 2243 consulere
1151 2206 1300 2251 debeas,
1321 2211 1360 2244 et
1377 2208 1512 2244 servire

236 2265 412 2303 humanae
430 2264 609 2308 societati,
630 2277 748 2315 eaque
775 2265 860 2315 lege
887 2270 998 2301 natus
1027 2265 1087 2310 sis,
1109 2270 1147 2303 et
1174 2279 1218 2303 ea
1246 2267 1386 2304 habeas
1414 2267 1511 2317 prin-

239 2325 334 2376 cipia
351 2329 508 2368 naturae,
528 2324 663 2374 quibus
683 2337 824 2374 parere,
846 2329 884 2361 et
903 2338 989 2374 quae
1016 2325 1121 2375 sequi
1140 2325 1290 2370 debeas,
1311 2332 1354 2364 ut
1372 2327 1512 2364 utilitas

237 2390 304 2422 tua
322 2384 528 2422 communis
548 2384 595 2421 sit
613 2384 766 2428 utilitas,
787 2384 1024 2434 vicissimque
1052 2386 1258 2423 communis
1277 2385 1419 2423 utilitas
1446 2390 1513 2423 tua.

238 2444 310 2488 sit;
339 2443 476 2481 celabis
495 2443 675 2487 homines,
695 2443 786 2493 quid
803 2443 847 2481 iis
874 2443 973 2481 adsit
991 2445 1268 2483 commoditatis
1295 2451 1334 2483 et
1361 2445 1510 2497 copiae?
