1674 2754
654 174 769 198 mmm
787 174 813 198 1.
870 173 957 199 cAP.
978 175 1029 198 Ν.
1473 166 1512 199 11

165 273 207 299 se
232 260 507 305 accommodat,
527 259 684 311 paulum
701 258 908 297 admodum
928 259 1090 297 sentiens
1117 259 1352 310 praeteritum
1381 264 1450 298 aut

163 320 345 358 futurum.
401 320 528 358 Homo
569 323 709 364 autem,
738 319 842 370 quod
880 318 1033 357 rationis
1062 323 1120 357 est
1151 320 1351 370 particeps,
1381 332 1450 371 per

163 393 278 431 quam
315 380 580 430 consequentia
613 379 739 424 cernit,
770 392 904 418 causas
941 392 1067 416 rerum
1099 379 1214 423 videt,
1244 392 1449 431 earumque

163 452 386 492 progressus
413 444 452 478 et
478 441 584 491 quasi
611 440 885 478 antecessiones
910 453 985 477 non
1011 439 1171 491 ignorat,
1192 439 1448 477 similitudines

162 505 368 552 comparat,
389 500 578 551 rebusque
607 500 858 552 praesentibus
878 499 1054 551 adjungit
1071 503 1186 550 atque
1205 499 1371 537 adnectit
1389 500 1447 537 fu-

162 565 289 604 turas3
319 559 429 598 facile
447 560 564 597 totius
585 560 674 598 vitae
695 572 846 598 cursum
860 559 974 604 videt,
990 559 1040 597 ad
1060 572 1218 610 eamque
1234 559 1448 611 degendam

162 624 356 672 praeparat
383 632 445 658 res
469 620 709 658 necessarias.
765 620 985 670 Eademque
1003 624 1138 658 natura
1155 620 1192 658 vi
1210 620 1363 658 rationis
1381 620 1447 658 ho-
1468 623 1490 658 4

161 681 300 720 minem
327 680 499 719 conciliat
525 680 666 718 homini
692 685 731 718 et
758 680 808 718 ad
836 680 1012 718 orationis
1040 684 1078 718 et
1097 680 1146 718 ad
1173 680 1262 718 vitae
1292 680 1447 718 societa-

161 746 251 786 tem,
270 741 540 792 ingeneratque
563 740 602 778 in
631 740 761 792 primis
789 741 1024 792 praecipuum
1050 740 1253 791 quemdam
1281 753 1450 778 amorem

160 801 199 840 in
225 814 300 846 eos,
321 801 386 852 qui
412 801 600 852 procreati
628 806 728 845 sunt,
757 801 1003 852 impellitque,
1033 805 1077 838 ut
1104 801 1299 838 hominum
1327 805 1450 839 coetus

161 866 201 900 et
227 861 496 900 celebrationes
523 866 562 899 et
581 874 674 906 esse,
695 866 734 899 et
753 874 776 898 a
795 874 835 899 se
855 861 948 899 obiri
966 861 1067 906 velit,
1089 862 1138 900 ob
1158 874 1296 912 easque
1316 873 1450 899 causas

161 922 313 960 studeat
349 933 484 973 parare
515 934 571 966 ea,
602 935 688 972 quae
721 921 966 972 suppeditent
1002 925 1042 958 et
1078 921 1128 958 ad
1156 922 1300 958 cultum
1330 926 1368 959 et
1400 921 1450 960 ad

162 982 315 1026 victum,
345 994 414 1019 nec
443 980 513 1019 sibi
540 981 618 1025 soli,
652 981 719 1019 sed
747 981 912 1032 conjugi,
941 981 1077 1025 liberis,
1108 981 1327 1032 ceterisque,
1353 994 1449 1032 quos

162 1054 268 1095 caros
295 1041 435 1079 habeat
462 1041 634 1092 tuerique
662 1041 812 1080 debeat.
870 1041 965 1086 Quae
995 1054 1085 1079 cura
1112 1042 1317 1079 exsuscitat
1337 1042 1450 1079 etiam

160 1102 304 1140 animos
337 1105 376 1139 et
407 1101 570 1152 majores
598 1101 648 1139 ad
674 1114 755 1138 rem
781 1101 989 1152 gerendam
1016 1101 1118 1139 facit.
1173 1101 1220 1138 In
1246 1101 1450 1152 primisque
1471 1108 1493 1140 5

160 1161 320 1200 hominis
339 1164 396 1198 est
411 1161 564 1212 propria
578 1161 656 1198 veri
673 1161 861 1211 inquisitio
881 1165 994 1212 atque
1009 1160 1258 1212 investigatio.
1314 1161 1451 1212 Itaque

160 1235 248 1260 cum
267 1233 397 1258 sumus
424 1220 642 1258 necessariis
668 1221 828 1272 negotiis
857 1221 1031 1272 curisque
1050 1220 1170 1266 vacui,
1190 1226 1273 1259 tum
1297 1233 1451 1260 avemus

159 1281 300 1333 aliquid
318 1280 456 1326 videre,
478 1281 621 1325 audire,
643 1281 861 1319 addiscere:
893 1281 1220 1333 cognitionemque
1240 1294 1365 1319 rerum
1385 1286 1451 1320 aut

160 1338 394 1381 occultarum
409 1346 476 1379 aut
490 1341 765 1379 admirabilium
783 1341 833 1379 ad
853 1342 962 1380 beate
982 1341 1184 1379 vivendum
1202 1342 1452 1380 necessariam

159 1402 344 1441 ducimus.
399 1402 459 1440 Ex
486 1415 562 1452 quo
599 1401 830 1453 intelligitur,
865 1402 969 1453 quod
1006 1414 1148 1446 verum,
1181 1402 1340 1453 simplex
1377 1402 1450 1440 sin-

159 1475 362 1513 cerumque
390 1462 449 1506 sit,
477 1462 517 1500 id
544 1475 627 1500 esse
664 1466 811 1500 naturae
850 1462 1009 1500 hominis
1047 1462 1294 1512 aptissimum.
1351 1462 1451 1500 Huic
1471 1466 1494 1500 6

161 1522 239 1561 veri
256 1522 408 1560 videndi
427 1522 625 1573 cupiditati
651 1522 835 1573 adjuncta
855 1527 913 1560 est
931 1522 1115 1573 appetitio
1143 1522 1321 1573 quaedam
1349 1522 1450 1573 prin-

161 1583 320 1633 cipatus,
339 1586 383 1620 ut
409 1582 546 1620 nemini
574 1595 706 1632 parere
735 1582 881 1619 animus
911 1583 1007 1620 bene
1035 1582 1257 1620 informatus
1275 1595 1298 1618 a
1317 1587 1453 1620 natura

162 1642 263 1686 velit,
283 1641 352 1679 nisi
379 1641 621 1693 praecipienti,
642 1647 709 1679 aut
737 1641 897 1687 docenti,
921 1646 989 1680 aut
1020 1642 1192 1679 utilitatis
1213 1654 1327 1679 causa
1349 1642 1453 1693 juste

161 1706 201 1740 et
227 1701 392 1754 legitime
419 1701 638 1752 imperanti:
669 1714 717 1740 ex
744 1714 819 1752 quo
848 1702 1071 1753 magnitudo
1098 1701 1210 1739 animi
1238 1702 1364 1740 existit
1382 1702 1451 1740 hu-

162 1774 432 1812 manarumque
463 1774 591 1799 rerum
624 1762 863 1812 contemptio.
919 1761 1002 1800 Nec
1035 1774 1125 1799 vero
1156 1761 1220 1799 illa
1252 1775 1370 1812 parva
1397 1762 1452 1800 vis
1474 1762 1495 1800 7

161 1826 306 1860 naturae
333 1825 392 1860 est
415 1821 656 1873 rationisque,
687 1822 791 1872 quod
818 1835 937 1859 unum
964 1822 1036 1860 hoc
1057 1822 1194 1860 animal
1218 1822 1342 1867 sentit,
1363 1822 1454 1873 quid

155 1882 210 1922 sit
234 1881 340 1927 ordo,
361 1881 452 1933 quid
471 1881 529 1927 sit,
550 1882 655 1933 quod
680 1882 826 1928 deceat,
846 1882 884 1920 in
902 1882 1011 1920 factis
1036 1882 1219 1933 dictisque
1239 1883 1303 1933 qui
1321 1882 1470 1921 modus.

162 1943 298 1993 Itaque
334 1954 466 1981 eorum
503 1941 682 1993 ipsorum,
722 1955 809 1994 quae
847 1947 1008 1994 aspectu
1049 1943 1272 1988 sentiuntur,
1306 1943 1453 1980 nullum

161 2002 265 2041 aliud
305 2002 442 2040 animal
483 2002 815 2054 pulchritudinem,
858 2007 1111 2049 venustatem,
1155 2003 1453 2042 convenientiam

163 2062 327 2114 partium
367 2062 490 2101 sentit.
546 2063 671 2108 Quam
708 2063 988 2102 similitudinem
1024 2068 1161 2101 natura
1197 2063 1367 2114 ratioque
1404 2063 1454 2101 ab
1474 2067 1497 2101 8

162 2122 280 2161 oculis
308 2122 358 2160 ad
386 2123 552 2161 animum
578 2123 818 2168 transferens,
846 2124 968 2162 multo
996 2124 1110 2162 etiam
1137 2123 1258 2176 magis
1287 2123 1453 2175 pulchri-

164 2183 345 2227 tudinem,
365 2183 628 2228 constantiam,
649 2183 819 2221 ordinem
847 2184 884 2221 in
912 2184 1072 2222 consiliis
1101 2184 1285 2234 factisque
1306 2196 1453 2222 conser-

163 2242 331 2281 vandum
359 2246 481 2294 putat,
504 2247 700 2294 cavetque,
722 2257 769 2282 ne
794 2244 886 2295 quid
914 2244 1090 2282 indecore
1118 2243 1380 2282 effeminateve
1399 2243 1452 2280 fa-

163 2302 260 2347 ciat;
288 2307 371 2340 tum
397 2303 435 2340 in
462 2303 633 2342 omnibus
660 2308 699 2342 et
727 2304 962 2356 opinionibus
990 2308 1029 2342 et
1055 2304 1176 2349 factis,
1197 2317 1243 2341 ne
1263 2303 1354 2354 quid
1373 2303 1453 2340 libi-

165 2362 296 2401 dinose
322 2367 389 2400 aut
416 2363 530 2401 faciat
560 2368 627 2402 aut
659 2364 812 2416 cogitet.
869 2365 1017 2410 Quibus
1050 2377 1097 2402 ex
1129 2365 1242 2402 rebus
1270 2363 1456 2400 conflatur
1475 2366 1497 2401 9

165 2427 205 2461 et
240 2422 403 2462 efficitur
436 2423 487 2468 id,
515 2424 618 2475 quod
651 2424 870 2476 quaerimus,
899 2426 1124 2463 honestum:
1164 2423 1280 2474 quod,
1308 2423 1455 2461 etiamsi
