1674 2754
550 193 663 216 LIBER
682 193 706 218 1.
765 192 852 217 CAP.
874 193 989 219 xxxv.
1394 185 1446 221 45

90 278 283 317 industria.
339 279 471 329 Atque
497 279 610 316 etiam
637 292 723 316 cum
741 278 909 316 relaxare
929 278 1072 316 animos
1092 283 1131 315 et
1151 279 1239 316 dare
1260 293 1299 317 se
1315 279 1374 331 ju·
1396 283 1419 318 4

91 339 274 376 canditati
300 339 437 382 volent,
467 343 623 376 caveant
650 338 989 389 intemperantiam,
1020 338 1254 375 meminerint
1273 353 1376 377 vere-

90 399 258 436 cundiae:
298 398 401 448 quod
434 399 503 436 erit
535 399 691 443 facilius,
726 399 757 436 si
790 399 828 435 in
858 399 1047 449 ejusmodi
1078 399 1231 448 quidem
1263 400 1376 437 rebus

89 459 252 509 majores
281 463 374 496 natu
392 459 509 496 velint
536 459 726 497 interesse.
785 459 947 496 Senibus
975 463 1103 496 autem
1130 458 1277 496 labores
1297 473 1375 496 cor-
1397 466 1418 498 5

90 519 191 569 poris
220 519 422 563 minuendi,
445 519 727 557 exercitationes
760 519 872 556 animi
904 519 1016 556 etiam
1045 519 1231 570 augenda}
1250 519 1376 556 viden-

90 583 162 617 tur.
201 579 338 616 Danda
351 592 440 616 vero
456 592 580 630 opera,
594 584 637 616 ut
650 584 687 617 et
702 579 841 616 amicos
857 583 894 616 et
910 579 1148 630 juventutem
1164 584 1202 616 et
1216 579 1377 616 maxime

91 651 170 676 rem
189 639 380 689 publicam
395 640 548 677 consilio
561 644 600 676 et
618 639 819 690 prudentia
836 652 951 689 quam
966 639 1168 689 plurimum
1184 639 1375 690 adjuvent.

89 698 195 736 Nihil
214 704 342 737 autem
360 699 481 751 magis
498 699 708 737 cavendum
724 704 782 736 est
802 700 996 743 senectuti,
1014 712 1128 750 quam
1142 713 1189 737 ne
1203 700 1377 751 languori
1399 705 1420 736 6

88 771 130 796 se
150 759 378 810 desidiaeque
398 759 524 797 dedat.
581 759 748 797 Luxuria
767 772 856 798 vero
877 773 964 797 cum
983 760 1085 797 omni
1111 760 1214 797 aetati
1241 760 1375 810 turpis,
1399 761 1419 797 7

90 823 172 856 tum
199 819 383 857 senectuti
414 819 623 857 foediss1ma
651 825 719 858 est.
776 820 843 857 Sin
875 824 1003 857 autem
1036 820 1232 858 libidinum
1265 820 1377 857 etiam

89 878 375 930 intemperantia
407 880 617 924 accesserit,
648 879 790 930 duplex
822 880 964 918 malum
997 885 1065 924 est,
1096 880 1198 930 quod
1227 884 1265 917 et
1296 880 1378 930 ipsa

89 944 263 977 senectus
279 940 444 977 dedecus
461 940 632 991 concipit,
650 945 690 977 et
708 940 798 978 facit
812 940 1108 978 adolescentium
1127 940 1377 991 impudentio-

89 1012 170 1036 rem
188 999 525 1051 intemperantiam.

142 1060 202 1097 Ac
239 1073 286 1097 ne
318 1060 412 1097 illud
445 1060 597 1110 quidem
625 1060 788 1097 alienum
817 1064 885 1104 est,
914 1060 961 1098 de
993 1060 1296 1111 magistratuum,
1329 1061 1376 1098 de
1399 1066 1420 1099 8

89 1119 333 1170 privat-orum,
355 1120 403 1157 de
424 1120 570 1163 civium,
593 1121 640 1157 de
664 1120 948 1171 peregrinorum
968 1121 1095 1157 officiis
1116 1120 1251 1158 dicere.
1308 1121 1378 1158 Est
1399 1126 1420 1159 9

88 1179 203 1231 igitur
235 1180 430 1230 proprium
462 1193 601 1217 munus
633 1181 890 1231 magistratus,
925 1180 1143 1232 intelligere,
1174 1193 1213 1217 se
1247 1193 1379 1231 gerere

89 1252 290 1290 personam
309 1240 478 1284 civitatis,
496 1240 709 1291 debereque
725 1241 807 1291 ejus
827 1240 1052 1292 dignitatem
1073 1245 1111 1278 et
1130 1241 1246 1278 decus
1267 1241 1376 1278 susti-

88 1312 188 1344 nere,
209 1312 356 1337 servare
385 1300 502 1351 leges,
521 1300 608 1351 jura
638 1301 861 1345 describere,
887 1313 931 1338 ea
960 1301 1048 1338 fidei
1078 1314 1156 1338 suae
1182 1301 1380 1338 commissa

88 1360 311 1398 meminisse.
363 1361 560 1398 Privatum
579 1365 707 1398 autem
728 1365 878 1412 oportet
898 1374 1007 1412 aequo
1028 1365 1066 1398 et
1085 1361 1166 1412 pari
1185 1375 1272 1399 cum
1292 1361 1378 1399 civi·
1402 1366 1448 1399 10

89 1421 161 1458 bus
185 1420 271 1471 jure
299 1420 433 1466 vivere,
463 1434 585 1472 neque
618 1421 861 1459 summissum
890 1426 929 1459 et
956 1421 1159 1472 abjectum,
1189 1434 1311 1472 neque
1339 1435 1378 1459 se

89 1481 330 1519 efferentem:
360 1485 443 1519 tum
472 1481 510 1518 in
539 1494 579 1519 re
610 1481 763 1532 publica
791 1494 835 1519 ea
863 1482 970 1526 velle,
992 1495 1078 1532 quae
1108 1481 1309 1532 tranquilla
1341 1486 1379 1519 et

58 1539 61 1545 ’
91 1540 249 1578 honesta
271 1541 355 1578 sint.
411 1541 541 1578 Talem
561 1541 658 1578 enim
679 1542 842 1578 solemus
863 1546 902 1578 et
921 1541 1059 1578 sentire
1084 1542 1226 1578 bonum
1245 1542 1376 1585 civem,

90 1605 130 1637 et
149 1600 285 1638 dicere.
342 1600 538 1651 Peregrini
565 1605 692 1638 autem
721 1605 835 1651 atque
863 1601 996 1638 incolae
1017 1600 1180 1638 officium
1200 1605 1268 1645 est,
1289 1601 1379 1639 nihil
1401 1605 1445 1639 11

92 1665 232 1710 praeter
259 1673 370 1698 suum
403 1660 598 1711 negotium
629 1673 755 1711 agere,
776 1661 867 1697 nihil
893 1660 940 1698 de
960 1660 1032 1698 alio
1051 1660 1258 1711 anquirere,
1275 1661 1377 1698 mini-

90 1733 226 1770 meque
246 1733 327 1758 esse
346 1720 383 1758 in
402 1721 521 1758 aliena
539 1733 579 1758 re
599 1721 752 1771 publica
772 1721 971 1758 curiosum.

144 1781 205 1818 Ita
231 1780 310 1818 fere
337 1780 457 1818 officia
483 1781 730 1831 reperientur,
763 1794 849 1818 cum
879 1785 1081 1831 quaeretur,
1114 1781 1204 1831 quid
1233 1781 1376 1825 deceat,
1401 1786 1447 1818 12

91 1844 130 1878 et
148 1840 239 1891 quid
258 1845 392 1892 aptum
412 1840 460 1878 sit
479 1840 660 1891 personis,
682 1841 930 1892 temporibus,
953 1841 1139 1879 aetatibus.
1196 1841 1300 1879 Nihil
1321 1846 1378 1879 est
1402 1846 1446 1878 13

91 1904 229 1945 autem,
250 1900 354 1951 quod
383 1905 461 1938 tam
481 1901 625 1945 deceat,
649 1913 764 1952 quam
786 1901 824 1938 in
844 1900 944 1938 omni
962 1914 1003 1938 re
1022 1901 1191 1952 gerenda
1210 1901 1377 1939 consilio-

90 1973 165 2011 que
183 1961 366 2011 capiendo
385 1973 533 1999 servare
553 1961 814 1999 constantiam.

143 2080 301 2119 XXXV.
323 2081 400 2119 Sed
419 2081 593 2132 quoniam
608 2080 787 2118 decorum
807 2080 901 2118 illud
919 2080 956 2118 in
969 2081 1142 2119 omnibus
1162 2081 1282 2125 factis,
1301 2081 1377 2119 dic-

92 2139 151 2184 tis,
167 2140 204 2178 in
219 2141 384 2191 corporis
403 2141 564 2192 denique
579 2145 687 2178 motu
706 2146 744 2178 et
763 2145 867 2178 statu
885 2141 1058 2186 cernitur,
1080 2141 1194 2192 idque
1215 2141 1379 2192 positum

91 2204 151 2237 est
177 2199 214 2237 in
240 2200 361 2238 tribus
390 2202 515 2245 rebus,
536 2201 785 2245 formositate,
807 2201 948 2246 ordine,
970 2205 1105 2239 ornatu
1124 2202 1172 2239 ad
1193 2202 1377 2239 actionem

93 2264 194 2310 apto,
215 2259 424 2298 difficilibus
452 2260 501 2298 ad
531 2261 798 2311 eloquendum,
821 2261 889 2298 sed
920 2261 1010 2298 satis
1037 2261 1107 2299 erit
1134 2262 1313 2313 intelligi;
1343 2262 1379 2298 in
1401 2266 1422 2299 2

94 2319 149 2357 bis
168 2323 297 2356 autem
316 2320 435 2357 tribus
455 2321 664 2358 continetur
684 2334 774 2358 cura
793 2321 906 2358 etiam
926 2321 1000 2366 illa,
1022 2325 1065 2358 ut
1094 2322 1298 2372 probemur
1325 2321 1378 2364 iis,

91 2379 317 2430 quibuscum
328 2379 432 2429 apud
444 2393 612 2431 quosque
624 2381 813 2418 vivamus:
834 2381 892 2418 his
905 2393 1055 2431 quoque
1069 2381 1116 2418 de
1131 2381 1243 2419 rebus
1259 2393 1381 2431 pauca

92 2437 275 2477 dicantur.
331 2439 530 2490 Principio,
551 2441 718 2491 corporis
736 2440 854 2478 nostri
873 2453 1051 2491 magnam
1071 2444 1207 2477 natura
1226 2440 1309 2491 ipsa
1327 2439 1379 2478 vi·
1400 2444 1423 2478 8
