1674 2754
140 163 189 196 44
694 171 742 196 1111
765 172 932 197 Orneus

166 263 188 295 5
209 270 296 294 nere
316 258 412 301 vitae,
434 258 499 295 sed
527 262 670 295 naturae
697 258 828 309 magis,
883 257 1006 294 Multo
1025 257 1123 294 enim
1148 262 1186 295 et
1213 258 1352 295 firmior
1371 263 1428 294 est
1447 265 1485 295 et

210 317 457 354 constantior:
486 322 529 355 ut
556 318 706 355 fortuna
725 329 992 367 nonnunquam
1016 317 1108 367 ipsa,
1129 317 1294 355 mortalis
1314 331 1399 354 cum
1417 318 1477 354 im-

166 380 187 413 6
209 377 355 414 mortali
373 382 507 414 natura
527 390 696 428 pugnare
716 377 896 414 videatur.
954 376 1026 421 Qui
1045 376 1158 427 igitur
1177 377 1225 414 ad
1244 382 1387 414 naturae
1406 389 1485 414 suae

208 449 283 473 non
314 436 456 473 vitiosae
493 449 612 489 genus
650 437 842 474 consilium
879 436 1028 473 vivendi
1065 449 1174 473 omne
1211 437 1420 480 contulerit,
1454 437 1484 473 is

209 496 454 533 constantiam
484 501 610 533 teneat
639 495 693 548 (id
719 497 817 533 enim
836 496 997 533 maxime
1017 494 1142 547 decet)
1162 496 1231 533 nisi
1258 496 1353 533 forte
1373 509 1413 533 38
1431 495 1484 533 111-

167 555 187 592 7
208 556 391 593 tellexerit
410 569 551 593 errasse
576 556 613 593 in
633 556 831 607 deligendo
852 568 988 607 genere
1007 556 1105 593 vitae.
1162 555 1273 600 Quod
1293 556 1322 592 si
1341 556 1484 592 accide-

207 615 253 652 rit
273 614 415 666 (potest
434 620 560 653 autem
581 616 766 666 accidere)
786 616 956 653 facienda
983 629 1130 653 morum
1157 615 1485 665 institutorumque

165 679 185 711 S
207 676 364 713 mutatio
385 680 451 713 est.
499 676 595 713 Eam
613 676 872 720 mutationem,
890 675 920 712 si
939 680 1111 725 tempora
1130 675 1376 725 adjuvabunt,
1396 674 1484 712 faci-

206 735 276 772 lius
296 736 603 786 commodiusque
622 736 814 773 faciemus.
870 735 936 772 Sin
954 736 1096 780 minus;
1127 735 1263 772 sensim
1283 735 1352 772 erit
1370 734 1484 784 pede-

209 795 416 845 tentimque
447 795 639 832 facienda:
669 800 712 832 ut
739 795 930 839 amicitias,
960 808 1046 845 quae
1076 795 1199 832 minus
1228 795 1416 832 delectent
1447 799 1486 831 ct

205 854 327 890 minus
347 855 562 904 probentur,
584 855 704 906 magis
725 854 857 891 decere
877 859 1030 891 censent
1050 855 1237 904 sapientes
1256 854 1392 891 sensim
1412 853 1485 890 dis-

164 918 185 950 9
207 927 325 957 fluere,
347 926 460 963 quam
488 918 642 963 repente
671 913 885 964 praecidcrc.
943 914 1184 951 Commutato
1203 919 1330 950 autem
1350 925 1486 964 genere

205 974 301 1017 vitae,
324 973 424 1010 omni
451 973 593 1010 ratione
622 973 831 1010 curandum
857 978 925 1017 est,
946 979 990 1010 ut
1008 973 1048 1010 id
1066 974 1166 1011 bono
1185 974 1336 1011 consilio
1355 973 1487 1011 secisse

207 1033 412 1070 videamur.

142 1097 186 1129 10
259 1092 336 1130 Sed
364 1093 538 1143 quoniam
566 1093 679 1142 paulo
708 1097 795 1130 ante
821 1093 964 1131 dictum
993 1098 1061 1137 est,
1086 1093 1285 1130 imitandos
1309 1105 1390 1130 esse
1408 1105 1486 1129 ma-

202 1153 315 1203 jores,
346 1152 509 1203 primum
542 1152 636 1189 illud
670 1157 871 1202 exceptum
905 1153 962 1197 sit,
992 1166 1039 1190 ne
1070 1153 1159 1190 vitia
1191 1153 1264 1190 sint
1296 1152 1485 1190 imitanda.

141 1216 183 1249 11
207 1212 362 1255 Deinde,
384 1212 414 1249 si
441 1217 576 1249 natura
603 1225 678 1248 11011
705 1212 812 1256 seret,
833 1217 875 1249 ut
894 1213 1069 1262 quaedam
1094 1212 1229 1249 imitari
1257 1212 1396 1263 possit;
1427 1211 1487 1262 (ut

206 1272 406 1322 superioris
428 1272 595 1309 Africani
623 1271 732 1315 filius,
754 1272 817 1322 qui
845 1272 945 1309 hunc
966 1273 1101 1310 Paullo
1126 1276 1258 1309 natum
1278 1272 1486 1322 adoptavit,

207 1337 362 1382 propter
379 1332 631 1368 infirmitatem
650 1332 874 1369 valetudinis
893 1345 968 1369 non
986 1337 1064 1369 tam
1083 1332 1206 1382 potuit
1225 1332 1341 1382 patris
1361 1331 1486 1368 similis

142 1395 185 1428 12
207 1403 299 1435 esse,
321 1404 435 1441 quam
465 1392 526 1428 ille
556 1392 680 1428 fuerat
707 1390 780 1442 sui)
808 1392 837 1428 31
865 1392 980 1442 igitur
1004 1405 1078 1429 non
1104 1392 1240 1442 poterit
1259 1392 1334 1428 sive
1355 1403 1486 1428 causas

208 1451 442 1495 defensitare,
465 1452 541 1488 sive
570 1451 754 1501 populum
784 1452 1020 1489 concionibus
1049 1456 1188 1495 tenere,
1209 1451 1284 1488 sive
1304 1451 1403 1488 bella
1422 1464 1486 1502 ge-

205 1523 306 1547 rere:
336 1511 397 1547 illa
424 1516 551 1547 tamen
578 1515 758 1560 praestare
787 1511 952 1555 debebit,
974 1524 1059 1561 quae
1085 1516 1194 1548 erunt
1221 1511 1258 1548 in
1285 1511 1401 1561 ipsius
1420 1524 1486 1561 po-

206 1574 354 1613 testate,
372 1570 566 1620 justitiam,
584 1570 709 1614 fidem,
731 1570 1003 1614 liberalitatem,
1020 1571 1254 1614 modestiam,
1275 1576 1486 1621 temperan-

143 1635 185 1667 13
207 1630 308 1674 tiam,
329 1644 404 1680 quo
434 1631 555 1668 minus
584 1631 632 1668 ab
661 1643 706 1667 eo
734 1631 784 1674 id,
806 1631 908 1680 quod
928 1631 1035 1675 desit,
1057 1631 1277 1681 requiratur.
1333 1631 1487 1681 Optima

206 1695 333 1727 autem
354 1691 540 1727 hereditas
560 1703 582 1726 a
602 1691 770 1740 patribus
789 1691 950 1727 traditur
968 1691 1104 1734 liberis,
1122 1691 1295 1740 omnique
1309 1691 1484 1741 patrimo-

206 1750 266 1787 nio
295 1750 542 1799 praestantior,
573 1750 691 1800 gloria
710 1750 856 1787 virtutis
876 1763 1076 1799 rerumque
1095 1754 1288 1801 gestarum
1305 1762 1313 1786 ε
1343 1750 1402 1787 eui
1422 1750 1470 1787 de

208 1809 333 1846 decori
352 1821 444 1852 esse,
464 1809 569 1846 nefas
589 1813 627 1845 et
645 1809 801 1859 impium
817 1809 1067 1859 judicandum
1086 1814 1144 1846 est

260 1928 438 1966 XXXIV.
459 1929 509 1965 Et
528 1928 703 1978 quoniam
724 1929 843 1966 officia
861 1942 935 1966 non
955 1928 1087 1966 eadem
1106 1928 1317 1979 disparibus
1336 1927 1484 1965 aetati-

208 1989 291 2026 bus
310 1989 536 2031 tribuuntur,
554 1988 698 2038 aliaque
718 1994 805 2025 sunt
820 1988 1013 2039 juvenum,
1030 1988 1101 2025 alia
1116 1988 1321 2025 seniorum:
1346 1987 1483 2038 aliquid

167 2053 187 2085 2
209 2048 320 2084 etiam
336 2048 382 2084 de
397 2049 468 2084 hac.
484 2047 718 2085 distinetione
733 2048 935 2085 dicendum
950 2053 1018 2086 est.
1057 2049 1125 2084 Est
1144 2047 1257 2098 igitur
1271 2047 1482 2085 adolescen-

211 2108 265 2150 tis,
285 2107 445 2157 majores
473 2112 564 2143 natu
582 2107 710 2150 vereri,
732 2120 851 2157 exque
880 2108 936 2144 his
956 2107 1122 2158 deligere
1147 2107 1308 2157 optimos
1334 2112 1372 2144 et
1399 2120 1484 2158 pro—

208 2167 428 2209 batissimos,
447 2179 607 2216 quorum
623 2167 774 2203 consilio
790 2171 903 2217 atque
918 2167 1139 2204 auctoritate
1159 2167 1309 2204 nitatur.
1349 2167 1484 2204 Ineun-

208 2227 255 2263 tis
275 2226 373 2263 enim
393 2226 512 2262 aetatis
531 2226 675 2263 inscitia
701 2239 832 2263 senum
859 2227 1119 2263 constituenda
1148 2232 1186 2263 et
1212 2227 1378 2277 regenda
1397 2239 1484 2277 pru-

168 2292 188 2323 3
211 2286 336 2323 dentia
365 2289 433 2322 est.
489 2285 651 2322 Maxime
679 2290 805 2322 autem
833 2286 915 2323 haec
942 2291 1074 2322 aetas-a
1093 2286 1305 2323 libidinibus
1324 2285 1485 2323 arcenda.

209 2350 277 2389 est,
308 2345 590 2395 exercendaque
619 2345 656 2382 in
689 2345 816 2382 labore
849 2345 1101 2395 patientiaque
1130 2350 1167 2382 et
1199 2345 1312 2382 animi
1339 2349 1376 2382 ct
1404 2357 1484 2382 cor-

209 2405 333 2456 poris;
360 2410 404 2443 ut
431 2418 560 2443 eorum
587 2409 626 2442 et
656 2405 693 2442 in
725 2405 865 2443 bellicis
890 2410 929 2442 et
955 2405 993 2442 in
1022 2405 1189 2443 civilibus
1216 2405 1342 2443 officiis
1360 2405 1482 2456 vigeat
