1674 2754
167 176 216 212 46
716 190 765 214 DE
787 190 958 216 ormcns

198 298 202 304 ·
235 272 346 309 detur
364 273 539 312 habuisse
557 275 737 312 rationem
753 287 761 312 :
791 289 876 326 quae
895 276 1054 313 formam
1068 280 1234 314 nostram
1254 277 1508 328 reliquamque

234 332 406 383 figuram,
422 333 459 370 in
473 347 548 384 qua
567 340 666 372 esset
685 335 827 386 speeies
846 336 1014 379 honesta,
1032 348 1114 372 eam
1129 336 1253 386 posuit
1267 337 1303 373 in
1318 342 1508 387 promptu,

233 405 319 442 quae
350 398 477 444 partes
511 399 637 431 autem
670 395 835 445 corporis
863 395 912 432 ad
942 400 1087 432 naturae
1123 396 1382 434 necessitatem
1409 396 1508 433 datae

233 458 428 502 aspectum
447 459 572 490 essent
593 454 800 491 deformem
820 455 1006 491 habiturae
1025 460 1139 505 atque
1158 460 1320 506 turpem,
1341 468 1404 493 eas
1423 469 1508 493 con-

190 515 212 548 4
232 513 324 549 texit
343 512 456 563 atque
476 513 631 550 abdidit.
654 514 657 516 ’
687 513 795 551 Hanc
818 521 963 551 naturae
989 519 1068 552 tam
1087 515 1302 566 diligentem
1328 516 1508 553 fabricam

230 573 375 609 imitata
401 578 458 610 est
483 573 678 610 hominum
703 574 1001 612 verecundia.
1059 575 1153 620 Quae
1172 575 1269 612 eni-m
1293 580 1428 612 natura
1448 588 1507 613 oc-

233 633 399 676 cultavit,
420 633 551 670 eadem
581 646 719 677 omnes,
741 633 805 684 qui
834 647 924 671 sana
955 639 1082 672 mente
1112 639 1209 678 sunt,
1236 640 1431 672 removent
1459 636 1508 673 ab

231 692 346 729 oculis
363 705 370 729 :
399 693 545 743 ipsique
563 694 774 731 necessitati
794 694 886 731 dant
905 707 1058 745 operam
1075 699 1119 732 ut
1133 707 1247 745 quam
1261 695 1508 733 occultissime

230 757 407 802 pareant:
437 765 673 802 quarumque
693 754 856 803 partium
882 755 1048 805 corporis
1072 767 1162 791 usus
1185 759 1277 803 sunt¹
1298 756 1506 799 necessarii,

230 823 292 847 eas
321 824 443 861 neque
473 816 600 861 partes
627 825 749 862 neque
778 826 907 851 earum
934 827 1025 851 usus
1051 815 1125 851 suis
1150 814 1361 852 nominibus
1380 816 1507 866 appel-

229 870 328 907 lant:
359 870 536 920 quodque
555 871 681 909 facere
700 873 812 923 turpe
830 886 905 910 non
925 878 993 917 est,
1014 874 1129 911 modo
1149 875 1306 918 occulte,
1326 875 1365 912 id
1385 875 1508 913 dicere

187 937 207 968 5
229 931 449 974 obscoenum
469 936 536 967 est.
584 931 720 982 Itaque
739 945 808 969 nec
825 932 958 983 aperta
977 932 1074 970 actio
1093 946 1218 971 rerum
1237 934 1385 971 illarum
1399 939 1506 984 petu-

187 995 208 1028 6
228 990 344 1028 lantia
371 995 493 1035 vacat,
522 992 798 1029 noc-orationis
827 993 1064 1030 obscoenitas
1120 993 1202 1030 Nec
1221 1006 1310 1031 vero
1334 994 1507 1031 audiendi

229 1057 316 1089 sunt
346 1051 489 1102 Cynici,
511 1058 576 1090 aut
607 1053 637 1090 si
662 1051 727 1103 qui
755 1053 907 1091 fuerunt
935 1054 1050 1091 Stoici
1077 1066 1184 1104 paene
1206 1054 1348 1104 Cynici,
1369 1055 1433 1104 qui
1451 1067 1506 1092 re-

229 1112 467 1162 prehendunt
500 1118 538 1149 et
570 1112 734 1157 irrident,
764 1113 866 1163 quod
894 1126 949 1157 ea,
979 1126 1065 1163 quae
1095 1126 1136 1150 re
1165 1114 1290 1164 turpia
1316 1127 1389 1151 non
1422 1115 1506 1158 sint,

228 1172 437 1210 nominibus
452 1185 495 1209 ac
507 1172 629 1209 verbis
650 1172 834 1223 flagitiosa
854 1172 1036 1210 ducamus
1052 1185 1059 1210 :
1088 1173 1151 1209 illa
1169 1178 1307 1217 autem,
1324 1186 1410 1224 quae
1428 1179 1506 1211 tur-

186 1232 207 1269 7
229 1232 291 1282 pia
310 1231 393 1275 sint,
414 1228 624 1269 nominibus
652 1230 888 1282 appellemus
916 1232 1002 1269 suis.
1058 1232 1298 1277 Latrocinari,
1319 1233 1504 1279 fraudare,

229 1292 452 1335 adulterare,
481 1305 521 1329 re
549 1296 660 1341 turpe
694 1297 762 1335 est,
793 1292 860 1329 sed
888 1292 1024 1329 dicitur
1049 1305 1124 1329 non
1152 1292 1352 1330 obscoene:
1382 1293 1505 1331 liberis

228 1351 317 1388 dare
350 1364 515 1401 operam,
545 1364 585 1388 re
615 1352 815 1389 honestum
847 1357 915 1396 est,
941 1351 1088 1389 nomine
1107 1352 1349 1389 obscoenum:
1380 1353 1504 1403 plura-

229 1424 302 1461 que
322 1411 359 1448 in
379 1424 462 1448 eam
481 1411 702 1448 sententiam
723 1412 770 1448 ab
790 1411 931 1449 eisdem
951 1417 1081 1449 contra
1094 1411 1357 1449 verecundiam
1377 1413 1504 1464 dispu-

186 1476 208 1509 8
227 1475 366 1508 tantur.
423 1471 504 1508 Nos
534 1476 661 1508 autem
689 1475 862 1508 naturam
889 1484 1100 1522 sequamur,
1130 1476 1168 1508 et
1195 1472 1244 1509 ab
1272 1472 1382 1516 omni,
1403 1473 1504 1523 quod

227 1531 406 1568 abhorret
434 1531 482 1568 ab
515 1531 709 1568 oculorum
739 1531 959 1581 auriumque
991 1531 1272 1581 approbatione,
1305 1532 1503 1583 fugiamus.

227 1591 369 1634 Status,
403 1590 581 1634 incessus,
616 1592 742 1636 sessio,
776 1591 974 1635 accubitio,
1008 1591 1148 1635 vultus,
1182 1591 1291 1636 oculi,
1324 1605 1504 1630 manuum

184 1655 204 1687 9
226 1655 362 1694 motus,
383 1655 535 1688 teneant
553 1651 646 1688 illud
662 1651 851 1689 decorum.
901 1651 1047 1696 Quibus
1065 1651 1104 1688 in
1117 1652 1230 1689 rebus
1250 1651 1327 1688 duo
1345 1652 1504 1690 maxime

226 1715 313 1747 sunt
345 1710 536 1761 fugienda,
566 1723 613 1747 ne
643 1712 733 1761 quid
752 1708 1017 1749 'effeminatum
1046 1715 1112 1748 aut
1139 1712 1262 1755 molle,
1284 1716 1322 1748 et
1348 1724 1394 1748 ne
1413 1712 1503 1762 quid

160 1774 205 1806 lO
228 1770 365 1806 durum
381 1775 445 1806 aut
464 1770 647 1807 rusticum
667 1771 724 1808 sit.
763 1771 845 1808 Nec
860 1783 948 1808 vero
962 1769 1201 1807 histrionibus
1220 1771 1502 1821 oratoribusque

225 1829 508 1866 concedendum
545 1835 612 1873 est,
647 1834 690 1867 ut
727 1831 769 1867 iis
806 1831 888 1867 haec
926 1835 1017 1880 apta
1049 1829 1133 1873 sint,
1165 1830 1272 1867 nobis
1309 1830 1500 1869 dissoluta.

158 1893 201 1926 11
225 1889 466 1927 Scenicorum
481 1889 632 1939 quidem
651 1903 733 1927 mos
752 1894 896 1927 tantam
915 1890 1032 1927 habet
1045 1894 1171 1927 vetere
1186 1889 1380 1940 disciplina
1398 1903 1500 1928 vere-

157 1954 203 1986 12
225 1949 409 1993 cundiam,
429 1953 473 1986 ut
491 1949 528 1986 in
547 1962 698 1986 scenam
718 1949 795 1987 sine
815 1949 1049 2000 subligaculo
1068 1948 1229 1999 prodeat
1247 1962 1368 1987 nemo.
1424 1950 1500 1988 Ve-

222 2014 351 2046 rentur
383 2009 492 2052 enim‚
521 2021 579 2053 ne,
613 2009 643 2046 si
673 2022 748 2060 quo
781 2022 872 2046 casu
903 2009 1077 2052 evenerit,
1106 2013 1150 2045 ut
1177 2009 1342 2059 corporis
1374 2014 1501 2060 partes

158 2073 201 2106 13
223 2068 396 2119 quaedam
416 2069 640 2119 aperiantur,
662 2069 889 2119 aspiciantur
906 2081 981 2105 non
996 2069 1141 2106 decore.
1188 2069 1328 2106 Nostro
1349 2069 1500 2119 quidem

222 2141 326 2166 more
355 2142 441 2165 cum
473 2129 690 2178 parentibus
719 2129 880 2179 puberes
907 2128 981 2172 filii,
1004 2141 1090 2166 cum
1117 2129 1252 2165 soceris
1280 2129 1408 2179 generi
1427 2142 1500 2166 non

159 2188 406 2239 141avan111r.
462 2187 673 2225 Retinenda
702 2188 816 2239 igitur
847 2193 906 2225 est
937 2188 1051 2238 hujus
1084 2188 1231 2239 generis
1263 2189 1497 2233 verecundia,

221 2247 428 2299 praesertim
446 2252 581 2285 natura
599 2247 682 2298 ipsa
699 2248 881 2298 magistra
901 2251 939 2284 et
958 2247 1053 2285 duce

271 2366 453 2404 XXXVI.
484 2366 582 2403 Cum
601 2371 727 2404 autem
753 2365 1127 2417 pulchritudinis
1147 2366 1225 2404 duo
1253 2379 1393 2417 genera
1412 2367 1496 2412 sint,

203 2439 379 2478 -quorum
397 2426 431 2463 in
453 2426 570 2464 altero
582 2431 758 2464 venustas
777 2426 836 2469 sit,
851 2425 888 2462 in
907 2426 1026 2463 alter-o
1045 2424 1208 2477 dignitas
1225 2438 1234 2470 ;
1262 2431 1495 2465 venustatem
