1674 2754
153 186 203 221 68
703 195 753 221 DE
783 195 951 221 OFFIOIIS

222 280 386 325 tertium,
402 286 445 318 ut
460 294 546 319 cum
564 281 883 320 admiratione
901 281 1096 319 hominum
1115 281 1255 319 honore
1274 282 1322 320 ab
1337 282 1379 320 1is
1398 281 1500 333 digni

179 345 201 378 6
218 341 483 391 judicaremur.
539 341 787 378 Admirantur
828 342 942 393 igitur
980 342 1226 379 communiter
1261 342 1312 379 illi
1348 342 1501 392 quidem

223 401 355 445 omnia,
377 414 461 451 quae
479 414 627 452 magna,
648 406 686 438 et
704 398 842 452 praeter
861 402 1070 451 opinionem
1097 414 1203 439 suam
1231 402 1483 440 animadverte

221 465 329 497 runt:
359 462 559 511 separatim
579 466 706 498 autem
725 462 762 498 in
781 462 946 513 singulis,
969 462 999 498 si
1019 462 1250 512 perspiciunt
1278 463 1501 513 necopinata

180 520 200 558 7
222 520 396 570 quaedam
414 521 523 558 bona.
567 521 701 571 Itaque
721 534 784 559 eos
804 521 902 558 viros
921 521 1139 572 suspiciunt,
1153 522 1397 572 maximisque
1413 523 1500 560 effe-

222 585 309 617 runt
328 581 514 625 laudibus,
535 581 573 618 in
592 582 727 631 quibus
757 581 971 619 existimant
999 594 1038 618 se
1066 582 1290 619 excellentes
1318 582 1501 632 quasdam

180 645 202 678 8
223 645 261 677 et
276 640 482 691 singulares
498 641 709 691 perspicere
721 640 897 679 virtutes:
920 642 1131 691 despiciunt
1142 647 1269 679 autem
1285 655 1348 679 eos
1363 647 1402 680 et
1416 655 1501 680 con-

221 705 404 744 temnunt,
425 700 462 737 in
481 701 615 750 quibus
643 701 734 738 nihil
752 701 912 746 virtutis,
932 701 1022 739 nihil
1050 702 1173 746 animi,
1194 702 1284 738 nihil
1302 715 1503 740 nervorum

221 765 368 810 putant.
424 760 511 797 Non
541 761 638 797 enim
669 773 797 798 omnes
827 774 890 798 eos
910 766 1163 805 contemnunt,
1184 761 1231 799 de
1251 762 1386 812 quibus
1405 762 1503 800 male

179 824 200 857 9
222 820 443 856 existimant.
483 819 582 856 Nam
598 833 691 870 quos
710 820 912 870 improbos,
927 821 1140 866 maledicos,
1156 821 1414 859 fraudulentos
1433 836 1503 873 pu·

221 884 313 923 tant,
344 883 382 916 et
409 879 458 915 ad
487 879 697 916 faciendam
724 880 897 930 injuriam
923 881 1135 925 instructos
1165 894 1228 918 eos
1261 886 1505 920 contemnunt

154 944 201 977 10
221 939 373 989 quidem
392 939 619 989 neutiquam,
634 940 700 977 sed
721 940 767 977 de
787 940 843 977 his
863 941 958 977 male
978 941 1200 978 existimant.
1241 942 1505 986 Quamobrem,

221 1005 265 1036 ut
294 1005 380 1036 ante
409 999 495 1043 dixi,
518 1005 806 1036 contemnuntur
825 1000 860 1044 ii,
883 1001 945 1050 qui
964 1013 1032 1038 nec
1052 1001 1133 1045 sibi,
1154 1014 1222 1039 nec
1251 1002 1369 1046 alteri,
1389 1006 1432 1039 ut
1450 1001 1505 1039 di-

221 1059 316 1096 citur
332 1073 340 1103 ;
369 1059 404 1096 in
425 1059 560 1109 quibus
579 1060 704 1096 nullus
723 1060 840 1103 labor,
862 1061 965 1098 nulla
992 1061 1184 1105 industria,
1205 1062 1307 1099 nulla
1327 1075 1417 1099 cura
1435 1066 1504 1100 est.

221 1119 482 1156 Admiratione
514 1126 641 1157 autem
673 1121 885 1157 afficiuntur
912 1121 947 1164 ii,
969 1121 1031 1171 qui
1060 1121 1198 1159 anteire
1218 1122 1349 1160 ceteris
1368 1122 1506 1160 virtute

221 1183 413 1229 putant-ur,
435 1184 473 1215 et
502 1192 587 1216 cum
616 1180 718 1216 omni
746 1192 872 1217 carere
903 1180 1097 1225 dedecore,
1119 1186 1200 1218 tum
1219 1194 1308 1219 vero
1335 1182 1377 1219 iis
1396 1182 1504 1226 vitiis,

155 1243 199 1277 11
222 1239 358 1289 quibus
377 1239 437 1276 alii
455 1252 528 1276 non
547 1239 655 1276 facile
674 1244 833 1290 possunt
853 1240 1043 1278 obsistere.
1101 1241 1202 1278 Nam
1221 1246 1259 1278 et
1278 1241 1503 1292 voluptateS,

221 1299 474 1337 blandissimae
505 1299 676 1343 dominae,
697 1299 848 1350 majoris
877 1300 994 1350 partis
1023 1300 1165 1338 animos
1184 1313 1206 1337 a
1225 1301 1362 1338 virtute
1382 1301 1506 1339 detor-

222 1364 362 1410 quent;
393 1365 430 1396 et
461 1359 632 1396 dolorum
663 1372 749 1396 cum
777 1360 1024 1397 admoventur
1051 1360 1164 1405 faces,
1186 1365 1327 1411 praeter
1350 1361 1507 1399 modum

156 1423 201 1458 12
223 1419 389 1470 plerique
410 1424 653 1456 exterrentur.
710 1419 809 1463 Vita,
834 1433 946 1463 mors,
969 1420 1119 1464 divitiae,
1141 1426 1356 1471 paupertas,
1378 1434 1507 1459 omnes

157 1484 200 1517 13
222 1479 388 1517 homines
408 1479 731 1516 vehementissime
760 1484 991 1529 permovent.
1050 1481 1145 1525 Quae
1172 1481 1236 1530 qui
1255 1481 1291 1518 in
1310 1486 1507 1532 utramque

222 1543 369 1590 partem
399 1538 546 1575 excelso
577 1539 700 1575 animo
726 1551 939 1590 magnoque
960 1539 1181 1590 despiciunt,
1203 1553 1288 1578 cum
1308 1541 1431 1591 aliqua
1450 1542 1507 1579 his

222 1599 347 1650 ampla
367 1603 405 1635 et
424 1599 581 1635 honesta
600 1611 659 1635 res
680 1599 830 1649 objecta
850 1604 917 1642 est,
939 1604 1040 1636 totos
1060 1600 1108 1637 ad
1134 1613 1174 1637 se
1194 1601 1375 1638 convertit
1393 1605 1432 1638 et
1449 1614 1507 1638 ra-

222 1659 288 1710 pit.
338 1658 434 1695 Tum
450 1658 531 1708 quis
546 1671 620 1695 non
634 1658 838 1696 admiretur
858 1659 1098 1709 splendorem
1117 1660 1509 1711 pulchritudinemque

223 1718 398 1756 virtutis?
445 1718 511 1756 XI.
527 1718 629 1769 Ergo
647 1723 684 1755 et
701 1719 782 1756 haec
798 1719 910 1756 animi
925 1719 1167 1770 despicientia
1181 1720 1505 1758 admirabilitatem

222 1781 402 1829 magnam
433 1778 545 1815 facit:
576 1783 613 1815 et
643 1778 803 1815 maxime
829 1779 986 1829 justitia,
1017 1791 1063 1816 ex
1091 1792 1165 1829 qua
1192 1792 1267 1816 una
1285 1780 1423 1818 virtute
1442 1781 1509 1818 viri

223 1839 310 1876 boni
329 1837 579 1888 appellantur,
600 1837 755 1874 mirifica
783 1838 962 1888 quaedam
990 1838 1219 1876 multitudini
1238 1839 1409 1876 videtur:
1438 1853 1508 1878 nec

182 1903 202 1935 2
224 1898 366 1948 injuria.
424 1898 549 1934 Nemo
582 1897 679 1934 enim
711 1897 837 1948 justus
871 1910 953 1935 esse
982 1902 1120 1948 potest,
1149 1898 1213 1948 qui
1244 1904 1415 1944 mortem,
1445 1900 1509 1950 qui

225 1958 403 2001 dolorem,
425 1957 489 2008 qui
516 1957 678 2002 exilium,
699 1958 763 2008 qui
791 1962 999 2009 egestatem
1027 1958 1145 2002 timet,
1169 1963 1235 1996 aut
1263 1959 1326 2009 qui
1345 1971 1399 2003 ea,
1421 1973 1509 2010 quae

181 2022 203 2055 3
225 2022 312 2055 sunt
344 2017 402 2054 his
436 2018 631 2061 contraria,
664 2018 831 2068 aequitati
861 2018 1066 2069 anteponit.
1122 2018 1360 2070 Maximeque
1391 2019 1508 2057 admi-

224 2082 355 2114 rantur
388 2090 487 2120 eum,
521 2078 585 2127 qui
618 2078 776 2127 pecunia
807 2091 883 2115 non
910 2083 1104 2121 movetur;
1134 2078 1236 2128 quod
1263 2078 1300 2116 in
1328 2092 1403 2130 quo
1430 2079 1510 2117 viro

226 2143 467 2188 perspectum
488 2137 546 2180 sit,
566 2137 667 2174 hunc
686 2137 764 2188 igni
784 2142 999 2187 spectatum
1018 2137 1256 2176 arbitrantur.

182 2201 205 2234 4
273 2198 410 2247 Itaque
429 2197 491 2233 illa
505 2197 586 2240 tria,
601 2210 686 2246 quae
707 2197 901 2247 proposita
920 2197 1071 2234 suntad
1090 2198 1258 2248 gloriam,
1273 2199 1397 2236 omnia
1412 2199 1427 2250 j
1440 2212 1508 2236 us-

227 2257 351 2294 titia
380 2257 551 2294 conficit:
583 2261 622 2293 et
650 2257 950 2300 benivolentiam,
980 2257 1081 2307 quod
1110 2258 1290 2308 prodesse
1317 2259 1397 2296 vult
1426 2259 1509 2310 plu-

226 2317 326 2354 rimis
343 2330 351 2361 ;
381 2322 419 2353 et
439 2317 487 2354 ob
507 2317 666 2353 eandem
687 2329 838 2354 causam
857 2317 970 2354 fidem
987 2330 995 2360 ;
1025 2322 1065 2354 et
1092 2318 1387 2363 admirationem,
1408 2317 1509 2369 quod

227 2389 291 2414 eas
309 2389 369 2414 res
388 2376 531 2427 spernit
550 2381 589 2414 et
607 2376 775 2428 negligit,
789 2376 838 2414 ad
857 2389 950 2427 quas
970 2376 1139 2427 plerique
1158 2378 1378 2416 inflammati
1395 2378 1509 2416 avidi-

183 2442 208 2476 5
226 2440 307 2474 tate
325 2437 533 2488 rapiuntur.
587 2436 648 2474 Ac
667 2449 752 2474 mea
771 2436 922 2488 quidem
940 2437 1125 2475 sententia
1144 2438 1264 2476 omnis
1282 2438 1377 2476 ratio
1396 2442 1510 2490 atque

143 2086 158 2098 Q
