1674 2754
571 210 684 235 unna
702 209 760 235 111.
818 210 905 236 GAP.
927 211 1029 234 xxm.
1415 201 1488 236 119

135 296 334 336 videbatur
361 297 516 342 utilitas,
555 296 644 349 plus
670 296 799 341 valuit,
828 309 942 347 quam
979 297 1178 334 honestas:
1219 296 1322 347 apud
1359 310 1419 335 su-

134 358 300 409 periores
318 357 491 395 utilitatis
510 358 655 408 species
682 357 778 394 falsa
805 357 853 394 ab
883 357 1088 394 honestatis
1117 357 1340 394 auctoritate
1359 370 1420 394 su·

133 422 266 469 perata
285 422 353 455 est.

185 477 243 516 At
273 490 348 515 non
380 477 510 515 debuit
539 482 665 515 ratum
698 489 791 521 esse,
821 476 924 528 quod
957 481 1037 514 erat
1067 480 1196 514 actum
1233 489 1301 526 per
1332 477 1418 514 vim.
1441 481 1464 514 6

134 537 251 583 Quasi
269 550 357 575 vero
385 537 472 575 forti
491 538 569 575 viro
588 537 643 575 vis
677 537 797 589 possit
823 537 1004 575 adhiberi.
1063 537 1142 574 Cur
1160 536 1275 588 igitur
1295 536 1344 573 ad
1364 549 1419 574 se-
1443 537 1462 575 7

131 603 265 635 natum
279 597 597 649 proficiscebatur,
612 611 699 635 cum
718 597 932 648 p'raesertim
947 597 994 635 de
1011 597 1168 648 captivis
1181 597 1421 634 dissuasurus

133 658 263 696 esset?
294 658 405 703 Quod
420 658 625 696 maximum
639 657 677 695 in
691 670 735 695 eo
750 662 818 702 est,
834 657 873 695 id
888 657 1173 708 reprehenditis.
1221 657 1309 694 Non
1321 657 1421 695 enim
1443 661 1465 694 8

133 730 202 755 suo
217 718 360 769 judicio
379 718 493 763 stetit,
514 718 581 756 sed
610 718 777 769 suscepit
796 731 960 762 causam,
981 723 1025 755 ut
1045 722 1144 755 esset
1159 717 1345 768 judicium
1365 730 1420 755 se-

132 782 267 815 natus:
298 778 358 816 cui
385 778 455 816 nisi
484 778 565 830 ipse
593 783 726 816 auctor
757 778 901 823 fuisset,
923 778 1063 829 captivi
1094 779 1268 829 profecto
1295 778 1422 816 Poenis

132 837 270 875 redditi
302 843 449 876 essent:
478 838 531 876 ita
562 838 758 876 incolumis
788 839 826 876 in
861 838 983 889 patria
1015 838 1186 890 Regulus
1213 838 1420 876 restitisset.

134 896 247 942 Quod
265 897 352 948 quia
380 898 511 949 patriae
539 911 615 935 non
642 898 734 936 utile
768 899 927 949 putavit,
949 898 1088 936 idcirco
1119 898 1188 936 sibi
1221 898 1422 935 honestum
1443 902 1466 935 9

133 961 172 995 et
191 958 326 995 sentire
344 958 407 995 illa
426 963 464 996 et
484 959 562 1009 pati
581 958 750 996 credidit.
807 959 908 996 Nam
927 959 1029 1009 quod
1049 958 1168 1002 aiunt,
1190 958 1293 1008 quod
1311 958 1422 996 valde
1444 961 1492 995 10

132 1017 225 1055 utile
253 1017 312 1062 sit,
333 1017 372 1055 id
399 1018 478 1056 fieri
505 1019 727 1056 honestum:
757 1018 871 1056 immo
889 1031 979 1056 vero
999 1031 1092 1063 esse,
1113 1031 1187 1055 non
1207 1018 1296 1056 fieri.
1353 1018 1424 1055 Est

133 1077 234 1115 enim
258 1078 348 1116 nihil
377 1078 479 1122 utile,
501 1078 603 1129 quod
626 1078 731 1121 ‚idem
761 1091 835 1116 non
862 1079 1182 1116 honestum:'nec
1202 1078 1290 1128 quia
1318 1078 1422 1122 utile,

133 1137 334 1175 honestum
354 1143 412 1175 est
428 1151 436 1182 ;
468 1138 535 1175 sed
555 1138 644 1188 quia
672 1139 886 1182 honestum,
908 1139 1010 1175 utile.
1067 1138 1192 1182 Quare
1221 1151 1267 1175 ex
1295 1137 1423 1175 multis
1445 1141 1491 1175 11
1555 1144 1562 1148 “

132 1196 363 1235 mirabilibus
395 1198 588 1248 exemplis,
609 1197 714 1235 haud
739 1198 850 1235 facile
870 1198 953 1249 quis
982 1198 1116 1236 dixerit
1148 1199 1221 1236 hoc
1250 1198 1424 1249 exemplo

132 1260 199 1295 aut
216 1256 441 1295 laudabilius
460 1262 526 1295 aut
546 1257 801 1308 praestantius.

184 1377 327 1416 XXXI.
357 1377 436 1415 Sed
455 1390 503 1416 ex
521 1381 603 1415 tota
621 1377 694 1415 hac
712 1377 824 1415 laude
837 1377 977 1429 Reguli
992 1391 1109 1416 unum
1127 1377 1219 1416 illud
1234 1382 1292 1416 est
1306 1377 1424 1416 admi-

133 1437 278 1476 ratione
309 1437 480 1488 dignum,
514 1437 618 1488 quod
651 1438 820 1488 captivos
858 1438 1072 1475 retinendos
1110 1438 1265 1476 censuit.
1323 1439 1424 1476 Nam
1445 1443 1467 1476 2

134 1497 238 1548 quod
257 1497 376 1541 rediit,
397 1497 504 1536 nobis
534 1510 633 1534 nunc
662 1498 831 1535 mirabile
850 1498 1020 1535 videtur:
1050 1498 1120 1535 illis
1149 1498 1301 1548 quidem
1329 1503 1424 1536 tem-

134 1557 290 1609 poribus
309 1557 417 1594 aliter
442 1557 568 1594 facere
590 1569 665 1594 non
692 1557 826 1608 potuit.
883 1558 1018 1608 Itaque
1051 1558 1123 1595 ista
1151 1558 1233 1595 laus
1263 1571 1338 1595 non
1368 1563 1425 1596 est

134 1617 306 1661 hominis,
344 1617 412 1654 sed
444 1621 670 1668 temporum.
726 1617 885 1655 Nullum
919 1618 1017 1655 enim
1049 1618 1241 1655 vinculum
1279 1618 1328 1655 ad
1367 1631 1424 1656 as·
1446 1623 1468 1656 3

134 1676 376 1729 tringendam
406 1676 519 1714 fidem
550 1677 637 1728 jure
664 1677 828 1728 jurando
857 1678 1020 1728 majores
1051 1678 1168 1715 artius
1196 1691 1278 1716 esse
1298 1678 1425 1716 volue-

134 1742 234 1775 runt.
289 1737 336 1775 Id
365 1736 530 1775 indicant
561 1737 665 1789 leges
697 1738 734 1774 in
761 1738 850 1776 XII.
880 1738 1029 1782 tabulis,
1060 1738 1226 1776 indicant
1256 1742 1424 1783 sacratae,
1446 1742 1470 1776 4

134 1797 300 1836 indicant
326 1797 480 1841 foedera,
502 1797 638 1848 quibus
667 1798 780 1835 etiam
809 1811 896 1836 cum
927 1799 1037 1836 hoste
1066 1798 1273 1836 devincitur
1306 1798 1400 1836 fides
1416 1812 1425 1843 ;

135 1857 301 1896 indicant
319 1857 490 1896 notiones
510 1857 924 1909 animadversionesque
945 1871 1152 1902 censorum,
1175 1859 1239 1909 qui
1257 1859 1360 1896 nulla
1379 1859 1426 1896 de

135 1930 177 1956 re
195 1917 411 1969 diligentius
429 1930 544 1968 quam
564 1917 612 1956 de
628 1918 714 1969 jure
729 1919 893 1970 jurando
920 1919 1152 1970 judicabant.
1210 1919 1252 1957 L.
1274 1919 1425 1964 Manlio,
1447 1926 1469 1958 5

135 1977 264 2023 A.·F.,
285 1991 372 2016 cum
392 1978 556 2016 dictator
587 1978 734 2023 fuisset,
754 1979 806 2017 M.
836 1979 1069 2029 Pomponius
1101 1979 1272 2018 tribunus
1304 1980 1426 2031 plebis

136 2037 238 2076 diem
255 2037 359 2083 dixit,
380 2038 482 2089 quod
502 2039 533 2076 is
554 2051 696 2090 paucos
716 2039 786 2077 sibi
804 2039 883 2077 dies
902 2039 957 2076 ad‘
972 2039 1199 2077 dictaturam
1218 2040 1425 2092 gerendam

136 2097 354 2136 addidisset.
411 2098 688 2137 Criminabatur
721 2099 846 2144 etiam,
885 2100 988 2150 quod
1025 2101 1152 2138 Titum
1192 2100 1343 2145 filium,-
1363 2100 1427 2151 qui
1448 2104 1470 2138 6

138 2162 272 2210 postea
290 2162 348 2196 est
366 2158 578 2210 Torquatus
598 2159 825 2210 appellatus,
847 2160 895 2198 ab
916 2160 1129 2198 hominibus
1158 2161 1365 2212 relegasset
1385 2165 1423 2198 et

138 2217 215 2256 ruri
232 2217 402 2257 habitare
417 2219 599 2270 jussisset.
644 2219 846 2264 Quodcum
866 2221 1071 2259 audivisset
1085 2221 1303 2259 adolescens
1317 2221 1426 2264 filius,
1449 2220 1469 2258 7

138 2277 333 2329 negotium
351 2278 516 2317 exhiberi
547 2279 667 2330 patri:
697 2280 904 2319 accurrisse
932 2281 1094 2319 Romam
1122 2285 1160 2318 et
1187 2293 1274 2318 cum
1303 2280 1424 2330 prima

140 2341 224 2376 luce
241 2337 439 2388 Pomponii
458 2338 612 2377 domum
631 2340 776 2378 venisse
796 2340 942 2379 dicitur.
1001 2341 1073 2379 Oui
1103 2353 1191 2379 cum
1211 2345 1311 2377 esset
1329 2352 1423 2377 nun-
1445 2343 1468 2378 8

139 2397 286 2441 tiatum,
308 2397 374 2448 qui
399 2397 505 2436 illum
532 2399 668 2437 iratum
695 2400 898 2438 allaturum
917 2401 966 2438 ad
985 2413 1025 2438 se
1045 2399 1184 2450 aliquid
1204 2404 1334 2437 contra
1361 2411 1428 2450 pa·

141 2460 238 2496 trem
255 2456 512 2502 arbitraretur,
532 2460 693 2498 surrexit
719 2472 740 2498 e
768 2460 920 2505 lectulo,
941 2460 1167 2510 remotisque
1197 2458 1356 2502 arbitris,
1377 2458 1427 2496 ad
