1674 2754
156 211 228 246 114
704 223 753 247 DE
775 223 943 249 OFFIOHS

221 307 342 345 XXV.
372 307 433 345 Ac
452 321 499 346 ne
518 308 581 346 illa
599 308 751 360 quidem
779 309 960 360 promissa
988 308 1173 346 servanda
1200 313 1298 353 sunt,
1320 322 1408 360 quae
1425 322 1500 349 non

179 371 202 404 2
222 372 310 404 sunt
328 367 371 404 iis
390 368 478 418 ipsis
508 368 622 412 utilia,
644 369 778 419 quibus
807 369 869 405 illa
897 368 1124 418 promiseris,
1179 368 1246 406 Sol
1272 369 1501 408 Phaethonti

222 426 307 471 filio,
328 432 372 464 ut
389 427 586 465 redeamus
606 428 654 465 ad
667 429 825 471 fabulas,
843 429 1032 465 facturum
1053 440 1092 464 se
1113 440 1194 465 esse
1208 428 1310 472 dixit,
1325 429 1500 480 quicquid

221 491 401 537 optasset.
459 488 626 538 Optavit,
647 493 690 524 ut
708 488 745 525 in
765 501 915 525 currum
936 488 1052 537 patris
1071 488 1274 525 tolleretur.
1322 489 1502 526 Sublatus

222 551 288 583 est.
346 547 476 597 Atque
496 548 526 584 is
545 554 747 598 antequam
775 547 950 591 constitit,
972 548 1051 584 ictu
1076 547 1240 584 fulminis
1269 547 1501 599 deflagravit.

178 610 200 643 3
223 606 372 651 Quanto
391 607 522 644 melius
541 607 675 651 fuerat,
695 607 733 644 in
752 607 823 644 hoc
844 607 1070 657 promissum
1089 607 1206 657 patris
1225 619 1301 645 non
1319 620 1400 645 esse
1428 620 1502 646 ser-

221 671 351 703 vatum
369 666 375 703 1
431 666 541 711 Quid,
563 667 664 717 quod
683 668 851 704 Theseus
871 667 996 718 exegit
1014 667 1239 718 promissum
1257 680 1280 704 a
1294 667 1502 718 Neptuno?

222 726 293 763 Oui
312 739 399 763 cum
416 730 493 763 tres
514 727 725 777 optationes
738 727 941 778 Neptunus
962 727 1139 771 dedisset,
1155 727 1299 777 optavit
1317 727 1506 764 interitum

221 785 422 836 Hippolyti
440 786 514 829 filii,
537 799 623 824 cum
642 787 672 824 is
692 787 790 837 patri
809 792 1009 837 suspectus
1031 792 1130 824 esset
1150 787 1198 824 de
1216 800 1377 825 noverca
1393 799 1400 824 :
1431 800 1506 838 quo

177 848 201 882 4
222 850 351 895 optato
370 845 582 895 impetrato,
605 847 771 884 Theseus
792 847 829 884 in
848 847 1018 884 mam'mis
1045 847 1116 884 fuit
1143 847 1318 885 luctibus.
1375 847 1473 892 Quid
1488 851 1506 888 i>
1544 841 1547 843 ⁵

221 906 487 956 Agamemnon
506 919 593 942 cum
621 906 833 944 devovisset
853 907 999 951 Dianae,
1022 907 1123 957 quod
1143 907 1180 944 in
1199 920 1267 944 suo
1285 919 1404 957 regno
1424 907 1506 957 pul-

221 965 448 1002 cherrimum
467 970 598 1003 natum
619 971 718 1003 esset
737 966 800 1004 illo
820 979 929 1010 anno,
946 967 1152 1003 immolavit
1171 967 1416 1018 Iphigeniam,
1433 979 1508 1017 qua

220 1026 311 1063 nihil
330 1031 410 1063 erat
429 1039 473 1063 eo
493 1026 646 1076 quidem
665 1040 761 1064 anno
780 1032 912 1064 natum
928 1027 1132 1077 pulchrius,
1188 1027 1422 1064 Promissum
1439 1040 1506 1078 po-

221 1086 296 1123 tius
314 1099 389 1123 non
408 1086 633 1131 faciendum,
655 1100 769 1138 quam
787 1092 866 1124 tam
885 1092 1040 1124 taetrum
1058 1087 1204 1125 facinus
1232 1086 1508 1125 admittendum

179 1152 201 1184 5
222 1146 303 1183 fuit.
360 1146 463 1197 Ergo
493 1151 531 1183 et
566 1147 751 1197 promissa
778 1160 854 1184 non
884 1147 1055 1184 facienda
1081 1160 1359 1198 nonnunquam,
1388 1158 1508 1196 neque

179 1209 202 1243 6
222 1218 372 1256 semper
390 1206 563 1256 deposita
590 1206 796 1244 reddenda.
852 1206 894 1243 Si
922 1206 1091 1257 gladium
1117 1206 1199 1256 quis
1227 1206 1330 1256 apud
1349 1211 1389 1243 te
1417 1218 1508 1243 sana

221 1271 348 1303 mente
369 1265 597 1316 deposuerit,
618 1271 767 1317 repetat
794 1266 1004 1310 insaniens3
1032 1265 1191 1303 reddere
1220 1270 1420 1317 peccatum
1449 1265 1507 1309 sit,

182 1325 203 1364 7
224 1325 388 1363 officium
416 1339 492 1363 non
521 1325 690 1364 reddere.
747 1326 858 1371 Quid,
880 1326 910 1363 si
942 1326 984 1369 is,
1015 1326 1078 1376 qui
1105 1325 1210 1376 apud
1238 1330 1276 1362 te
1309 1326 1509 1376 pecuniam

224 1385 451 1436 deposuerit,
468 1386 609 1423 bellum
621 1386 755 1423 inferat
774 1386 920 1436 patriae,
934 1385 1121 1422 reddasne
1135 1385 1380 1436 depositum?
1409 1385 1509 1430 Non,

225 1445 348 1483 credo.
405 1445 536 1482 Facias
566 1445 666 1483 enim
697 1450 826 1483 contra
853 1458 933 1482 rem
960 1445 1161 1495 publicam,
1182 1457 1268 1495 quae
1287 1445 1402 1482 debet
1429 1457 1511 1482 esse

182 1511 204 1544 8
225 1505 425 1543 carissima.
481 1505 542 1542 Sic
575 1505 706 1549 multa,
737 1517 822 1555 quae
851 1505 1011 1541 honesta
1043 1509 1178 1541 natura
1210 1504 1385 1541 videntur
1416 1517 1509 1549 esse,

224 1565 459 1616 temporibus
479 1565 574 1602 fiunt
592 1577 668 1602 non
694 1565 864 1602 honesta.
921 1565 1062 1602 Facere
1091 1564 1284 1614 promissa,
1306 1569 1405 1601 stare
1424 1577 1510 1602 con-

224 1625 356 1670 ventis,
377 1624 536 1662 reddere
565 1625 748 1676 deposita,
771 1629 1003 1662 commutata
1029 1624 1200 1668 utilitate,
1221 1625 1316 1662 fiunt
1343 1637 1418 1662 non
1444 1625 1511 1663 ho-

182 1691 204 1723 9
224 1690 341 1723 nesta.
397 1686 458 1722 Ac
478 1685 526 1722 de
544 1685 586 1722 iis
605 1685 769 1735 quidem,
784 1697 871 1735 quae
886 1684 1064 1722 videntur
1083 1697 1164 1721 esse
1183 1684 1364 1721 utilitates
1383 1689 1512 1723 contra

222 1745 407 1797 justitiam
426 1745 660 1782 simulatione
680 1744 905 1795 prudentiae,
926 1744 1015 1781 satis
1034 1744 1195 1782 arbitror
1214 1743 1369 1782 dictum.

160 1869 207 1903 10
281 1864 360 1902 Sed
379 1864 554 1914 quoniam
582 1876 604 1900 a
631 1868 812 1914 quattuor
838 1863 1004 1900 fontibus
1036 1863 1242 1900 honestatis
1270 1863 1389 1914 primo
1417 1863 1512 1902 libro

227 1924 347 1962 officia
365 1924 551 1968 duximus,
571 1923 609 1960 in
628 1923 768 1961 eisdem
783 1936 985 1967 versemur,
1002 1936 1088 1960 cum
1108 1923 1338 1967 docebimus,
1355 1936 1410 1967 ea,
1426 1936 1512 1974 quae

227 1984 425 2022 videantur
443 1996 524 2021 esse
553 1984 669 2028 utilia,
690 1995 812 2033 neque
840 1983 923 2027 sint,
945 1995 1059 2033 quam
1087 1983 1161 2020 sint
1179 1983 1325 2020 virtutis
1351 1983 1509 2021 inimica.

160 2049 205 2083 11
228 2045 288 2082 Ac
309 2044 356 2081 de
376 2044 575 2094 prudentia
594 2043 757 2094 quidem,
779 2056 893 2094 quam
907 2043 988 2080 vult
1007 2043 1141 2080 imitari
1155 2043 1317 2087 malitia;
1346 2043 1511 2094 itemque

160 2109 208 2143 12
229 2104 277 2142 de
293 2104 449 2154 justitia,
466 2116 551 2154 quae
571 2116 720 2154 semper
738 2108 795 2140 est
813 2103 925 2147 utilis,
947 2103 1184 2153 disputatum
1211 2108 1279 2141 est.
1341 2103 1512 2154 Reliquae

229 2169 317 2201 sunt
335 2163 422 2200 duae
441 2168 569 2214 partes
591 2163 809 2207 honestatis,
831 2176 991 2213 quarum
1010 2163 1127 2200 altera
1145 2163 1182 2200 in
1201 2163 1313 2200 animi
1328 2164 1509 2201 excellen-

228 2224 277 2262 tis
296 2223 554 2274 magnitudine
582 2229 620 2260 et
648 2223 865 2273 praestantia
893 2223 1065 2266 cernitur,
1095 2223 1212 2260 altera
1239 2223 1277 2260 in
1304 2223 1510 2262 conforma—

229 2284 330 2321 tione
349 2289 387 2320 et
405 2283 661 2321 moderatione
681 2283 917 2320 continentiae
931 2287 970 2320 et
987 2283 1255 2333 temperantiae.

284 2404 429 2441 XXVI.
459 2403 563 2441 Utile
583 2402 782 2440 videbatur
800 2402 944 2440 Ulixi
972 2401 1032 2454 (ut
1050 2402 1205 2452 quidem
1233 2407 1358 2454 poetae
1378 2402 1513 2454 tragici

231 2463 499 2516 prodiderunt:
527 2475 615 2500 nam
634 2462 737 2514 apud
756 2462 978 2507 Homerum,
998 2462 1185 2514 optimum
1203 2467 1407 2508 auctorem,
1426 2461 1512 2500 talis
