1674 2754
105 169 157 202 40
660 182 709 205 DE
731 181 899 206 ori-lens

172 270 233 301 tos
264 277 346 301 esse
374 267 565 315 personis:
595 279 755 316 quarum
787 281 862 304 una
890 269 1096 305 communis
1124 274 1193 311 est,
1213 281 1259 305 ex
1277 281 1334 311 eo,
1355 270 1457 318 quod

172 337 301 362 omnes
334 326 534 377 participes
568 340 698 364 sumus
730 327 882 364 rationis
915 328 1220 378 praestantiaeque
1256 328 1350 379 ejuS,
1383 340 1455 378 qua

170 385 427 423 antecellimus
446 386 586 430 bestiis,
608 399 631 423 a
649 399 724 437 qua
743 400 852 424 omne
880 388 1081 425 honestum
1109 387 1364 438 decorumque
1382 394 1454 424 tra-

172 444 283 489 hitur,
318 450 357 482 et
389 458 435 482 ex
467 458 541 496 qua
573 447 668 484 ratio
696 447 905 484 inveniendi
937 447 1047 484 officii
1079 448 1305 498 exquiritur:
1340 448 1457 485 altera

129 508 150 541 8
171 509 309 549 autem,
330 518 416 555 quae
437 505 587 556 proprie
607 506 762 557 singulis
789 511 847 543 est
873 507 1024 545 tributa.
1079 507 1134 544 Ut
1154 508 1251 544 enim
1269 508 1307 545 in
1325 520 1456 558 corpo-

170 563 274 601 ribus
302 577 452 616 magnae
483 565 800 603 dissimilitudines
829 571 928 610 sunt,
960 567 1050 604 alios
1070 567 1241 604 videmus
1259 567 1457 605 velocitate

169 623 219 660 ad
252 637 417 669 cursum,
447 625 538 662 alios
565 626 705 663 viribus
733 625 783 663 ad
810 626 1033 664 luctandum
1053 627 1198 670 valere;
1227 627 1392 677 itemque
1419 626 1456 664 in

168 683 299 721 formis
318 684 397 721 aliis
417 685 640 736 dignitatem
658 685 790 730 inesse,
812 686 891 723 aliis
910 692 1168 724 venustatem:
1198 687 1249 724 sic
1269 687 1307 723 in
1325 686 1456 723 animis

79 746 148 781 ...9
169 743 334 781 existunt
363 745 524 795 majores
553 745 666 782 etiam
685 745 894 783 varietates.
951 747 1043 783 Erat
1065 746 1102 783 in
1121 746 1163 784 L.
1187 747 1336 790 Crasso,
1355 746 1393 783 in
1411 746 1454 783 L.

167 802 346 853 Philippo
365 804 506 840 multus
525 805 652 855 lepos:
674 806 795 855 major
814 806 926 842 etiam
945 806 1140 857 magisque
1161 806 1207 843 de
1222 806 1405 843 industria
1419 805 1455 843 in

171 862 213 899 C.
237 863 401 906 Caesare,
422 863 464 900 L.
487 863 528 900 F.
578 865 633 900 At
653 864 785 901 iisdem
813 866 1046 915 temporibus
1069 866 1106 902 in
1124 866 1176 903 M.
1199 867 1343 903 Scauro
1363 871 1401 903 et
1418 866 1455 903 in

166 922 218 959 M.
240 922 366 959 Druso
385 922 623 962 adolescente
643 923 841 975 singularis
861 925 1050 968 severitas,
1072 926 1110 962 in
1130 925 1172 963 C.
1194 925 1309 962 Laelio
1335 925 1454 962 multa

166 982 343 1026 hilaritas,
363 983 402 1020 in
429 983 511 1033 ejus
538 983 711 1020 familiari
741 984 915 1035 Scipione
945 985 1099 1022 ambitio
1128 986 1258 1036 major,
1288 985 1365 1022 vita
1392 985 1453 1023 tri-

102 1046 146 1078 lO
167 1042 268 1080 stior.
325 1042 384 1079 De
408 1043 550 1080 Groecis
578 1049 706 1080 autem
735 1044 886 1081 dulcem
906 1049 943 1081 et
963 1045 1140 1089 facetum,
1161 1045 1358 1096 festivique
1379 1058 1454 1083 ser-

165 1102 295 1145 monis,
329 1107 442 1152 atque
470 1102 507 1139 in
542 1103 642 1140 omni
677 1104 841 1141 oratione
879 1104 1145 1148 simulatorem,
1181 1118 1293 1155 quem
1331 1107 1454 1158 εἴρωνα

168 1162 295 1199 Graeci
314 1162 561 1206 nominarunt,
579 1162 775 1200 Socratem
790 1164 1025 1214 accepimus:
1049 1171 1178 1201 contra
1192 1165 1450 1215 Pythagoram

165 1227 204 1259 et
222 1222 405 1259 Periclem
425 1235 610 1259 summam
639 1224 900 1260 auctoritatem
930 1229 1151 1261 consecutos
1171 1225 1247 1262 sine
1266 1225 1343 1262 ulla
1362 1225 1451 1262 hila-

100 1286 142 1318 11
165 1282 286 1319 ritate.
345 1282 534 1319 Callidum
563 1283 814 1320 Hannibalem
845 1296 891 1320 ex
919 1284 1134 1328 Paenorum,
1157 1297 1202 1322 ex
1229 1285 1365 1322 nostris
1385 1285 1449 1322 du·

166 1342 271 1379 cibus
291 1342 339 1384 Q.
363 1342 572 1379 Maximum
600 1343 815 1394 accepimus
840 1344 948 1381 facile
969 1345 1101 1388 celare,
1123 1350 1259 1388 tacere,
1282 1345 1445 1383 dissimu-

99 1406 142 1438 12
166 1402 255 1445 lare,
285 1402 458 1445 insidiari,
491 1403 692 1454 praeripere
720 1403 885 1440 hostium
914 1404 1095 1442 consilia.³
1132 1405 1178 1442 In
1211 1418 1286 1456 quo
1315 1418 1451 1457 genere

167 1462 291 1513 Qei
311 1462 601 1499 Themistoclem
630 1468 667 1499 et
694 1463 897 1500 Pheraeum
927 1464 1106 1502 Jasonem
1136 1465 1266 1502 ceteris
1297 1471 1451 1517 antepo-

164 1528 278 1565 nunt;
299 1522 336 1558 in
356 1522 558 1572 primisque
571 1528 765 1560 versutum
784 1529 821 1560 et
841 1524 1018 1561 callidum
1037 1524 1181 1562 factum
1201 1525 1358 1569 Solonis,
1375 1526 1452 1576 qui,

163 1594 238 1632 quo
266 1587 304 1619 et
332 1582 449 1619 tutior
466 1582 543 1619 vita
571 1582 652 1633 ejus
681 1588 792 1627 esset,
813 1587 850 1620 et
871 1584 957 1634 plus
986 1584 1177 1634 aliquanto
1205 1585 1257 1622 rei
1287 1586 1450 1636 publicae

100 1646 142 1678 13
164 1641 373 1692 prodesset,
390 1642 513 1679 furere
529 1655 568 1679 se
585 1643 783 1680 simulavit.
829 1643 925 1681 Sunt
941 1644 998 1681 his
1014 1645 1072 1681 alii
1087 1645 1250 1682 multum
1270 1646 1450 1696 dispares,

164 1702 349 1752 simplices
383 1707 421 1739 et
453 1703 596 1753 aperti;
625 1703 689 1752 qui
722 1703 813 1740 nihil
846 1716 893 1740 ex
925 1705 1086 1748 occulto,
1116 1705 1206 1742 nihil
1235 1705 1282 1742 de
1310 1706 1450 1744 insidiis

163 1761 354 1811 agendum
383 1767 530 1811 putant,
550 1763 717 1799 veritatis
744 1763 918 1806 cultores,
939 1764 1081 1801 fraudis
1100 1764 1259 1809 inimici3
1288 1765 1450 1816 itemque

163 1821 234 1864 alii,
264 1821 328 1871 qui
355 1821 503 1871 quidvis
534 1822 804 1872 perpetiantur,
835 1823 950 1860 cuivis
979 1823 1202 1868 deserviant,
1225 1825 1326 1869 dum,
1348 1826 1450 1876 quod

163 1881 290 1925 velint,
311 1889 609 1932 consequantur:
639 1887 683 1918 ut
711 1882 856 1919 Sullam
884 1889 922 1920 et
945 1883 996 1920 M.
1019 1884 1198 1921 Crassum
1218 1885 1448 1924 videbamus.

99 1945 143 1978 14
165 1941 248 1986 Quo
268 1941 305 1978 in
324 1953 463 1992 genere
482 1941 780 1979 versutissimum
799 1947 837 1979 et
865 1943 1181 1993 patientissimum
1209 1945 1448 1983 Lacedaemo-

162 2002 265 2038 nium
295 2002 534 2052 Lysandrum
562 2003 798 2053 accepimus;
827 2010 1032 2054 contraque
1062 2005 1353 2050 Callicratidam,
1385 2007 1448 2057 qui

98 2067 142 2100 15
165 2062 367 2112 praefectus
389 2062 516 2099 classis
536 2063 728 2112 proximus
756 2068 843 2113 post
870 2064 1109 2114 Lysandrum
1138 2065 1219 2102 fuit.
1276 2066 1449 2116 Itemque

162 2122 199 2159 in
218 2122 452 2158 sermonibus
472 2121 597 2165 alium,
615 2123 786 2173 quamvis
806 2131 1022 2174 praepotens
1043 2124 1100 2168 sit,
1118 2125 1274 2168 efficere,
1291 2131 1335 2163 ut
1353 2139 1449 2163 unus

164 2181 211 2218 de
241 2181 368 2218 multis
398 2194 478 2218 esse
506 2171 714 2219 videatur'ss
729 2183 832 2232 quod
860 2183 897 2220 in
927 2184 1073 2228 Catulo,
1095 2185 1188 2221 etin
1217 2190 1335 2235 patre,
1356 2191 1394 2224 et
1412 2186 1449 2223 in

101 2246 141 2279 16
164 2242 247 2284 filio,
260 2241 425 2291 itemque
437 2241 473 2278 in
489 2242 533 2286 Q.
548 2241 674 2279 Mucio
689 2242 837 2279 Mancia
849 2243 1020 2281 vidimus.
1077 2244 1219 2281 Audivi
1234 2258 1279 2282 ex
1299 2246 1447 2296 majori-

165 2302 234 2338 bus
250 2306 351 2344 natu,
372 2302 445 2337 hoc
465 2301 564 2338 idem
591 2301 706 2338 fuisse
726 2302 762 2338 in
781 2302 824 2339 P.
847 2302 1020 2353 Scipione
1053 2303 1213 2348 Nasica;
1245 2310 1448 2355 contraque

162 2366 309 2412 patrem
329 2361 422 2411 ejus,
442 2361 558 2404 illum,
580 2362 644 2411 qui
663 2361 715 2399 Ti.
739 2362 902 2399 Gracchi
921 2368 1076 2400 conatus
1096 2363 1265 2414 perditos
1286 2364 1447 2402 vindica-

162 2421 227 2464 vit,
260 2420 402 2458 nullam
434 2421 649 2458 comitatem
676 2421 852 2459 habuisse
884 2422 1085 2460 sermonis:
1119 2436 1166 2461 ne
1198 2424 1446 2463 Xenocratem
